articleNo,articleName,realEstateTypeName,tradeTypeName,floorInfo,isPriceModification,dealOrWarrantPrc,areaName,area1,area2,direction,articleConfirmYmd,articleFeatureDesc,tagList,buildingName,sameAddrCnt,sameAddrMaxPrc,sameAddrMinPrc,pyeongs,provinceNo,provinceName,districtNo,districtName,dongNo,dongName,complexNo,realEstateType,complexName,complexLatitude,complexLongitude,complexTypeName,totalHouseHoldCount,totalDongCount,useApproveYmd,minArea,maxArea
2433812462,개포더샵트리에,아파트,전세,3/16,False,14억,135C,135.0,108.0,남동향,20240709,40 햇살맛집 초중고인접 대치동인접 더블역세권 조용하고 아늑합니다,"['4년이내', '융자금없는', '역세권', '대형평수']",902동,4.0,14억,14억,"{""1"": ""105.8"", ""3"": ""105.82"", ""2"": ""108.09"", ""5"": ""108.2"", ""4"": ""107.13""}",1100000000,서울시,1168000000,강남구,1168010300,개포동,881,APT,개포더샵트리에,37.484809,127.057097,아파트,232.0,2.0,202112,132.23,135.57
2433741449,개포더샵트리에,아파트,매매,7/16,False,27억,132A,132.0,105.0,남향,20240709,주인직접  최강입지  학세권 역세권 숲세권 갭투가능,"['4년이내', '역세권', '대형평수', '방네개이상']",901동,7.0,27억,27억,"{""1"": ""105.8"", ""3"": ""105.82"", ""2"": ""108.09"", ""5"": ""108.2"", ""4"": ""107.13""}",1100000000,서울시,1168000000,강남구,1168010300,개포동,881,APT,개포더샵트리에,37.484809,127.057097,아파트,232.0,2.0,202112,132.23,135.57
2433295037,개포더샵트리에,아파트,매매,15/16,False,28억,135C,135.0,108.0,남향,20240706,41 주인직접 트인뷰 전망최고 ,"['4년이내', '역세권', '대형평수', '방네개이상']",902동,4.0,28억,28억,"{""1"": ""105.8"", ""3"": ""105.82"", ""2"": ""108.09"", ""5"": ""108.2"", ""4"": ""107.13""}",1100000000,서울시,1168000000,강남구,1168010300,개포동,881,APT,개포더샵트리에,37.484809,127.057097,아파트,232.0,2.0,202112,132.23,135.57
2433098026,개포더샵트리에,아파트,매매,3/16,False,27억,135C,135.0,108.0,동향,20240705,"41C 막힘 없는 뷰, 갭투자 가능, 초중고 바로 앞, 투자가치 우수","['4년이내', '역세권', '대형평수', '방네개이상']",902동,1.0,27억,27억,"{""1"": ""105.8"", ""3"": ""105.82"", ""2"": ""108.09"", ""5"": ""108.2"", ""4"": ""107.13""}",1100000000,서울시,1168000000,강남구,1168010300,개포동,881,APT,개포더샵트리에,37.484809,127.057097,아파트,232.0,2.0,202112,132.23,135.57
2433693027,개포더샵트리에,아파트,전세,고/16,False,17억,132B,132.0,105.0,북동향,20240709,진성매물.주인직접 최고의 양면창뷰  집보시면  다른집 못봐요 구룡역코앞,"['4년이내', '융자금없는', '역세권', '대형평수']",901동,4.0,17억,15억,"{""1"": ""105.8"", ""3"": ""105.82"", ""2"": ""108.09"", ""5"": ""108.2"", ""4"": ""107.13""}",1100000000,서울시,1168000000,강남구,1168010300,개포동,881,APT,개포더샵트리에,37.484809,127.057097,아파트,232.0,2.0,202112,132.23,135.57
2433455431,개포더샵트리에,아파트,매매,저/16,False,27억,135A,135.0,108.0,남향,20240708,주인직접  갭투자가능  거주하기 좋고 투자가치 있는 트리에로 오세요,"['4년이내', '역세권', '대형평수', '방네개이상']",902동,1.0,27억,27억,"{""1"": ""105.8"", ""3"": ""105.82"", ""2"": ""108.09"", ""5"": ""108.2"", ""4"": ""107.13""}",1100000000,서울시,1168000000,강남구,1168010300,개포동,881,APT,개포더샵트리에,37.484809,127.057097,아파트,232.0,2.0,202112,132.23,135.57
2432226357,개포더샵트리에,아파트,매매,5/16,False,"28억 5,000",135A,135.0,108.0,남동향,20240701,"41A 역세권, 햇살 좋은 남향, 초중고 바로 앞 위치, 갭투자 가능","['4년이내', '역세권', '대형평수', '방네개이상']",902동,2.0,"28억 5,000","28억 5,000","{""1"": ""105.8"", ""3"": ""105.82"", ""2"": ""108.09"", ""5"": ""108.2"", ""4"": ""107.13""}",1100000000,서울시,1168000000,강남구,1168010300,개포동,881,APT,개포더샵트리에,37.484809,127.057097,아파트,232.0,2.0,202112,132.23,135.57
2433445635,개포더샵트리에,아파트,매매,저/16,False,27억,132A,132.0,105.0,남향,20240708,구룡역세권 개일초 구룡중학군 교통 입지 최고,"['4년이내', '역세권', '대형평수', '방세개']",901동,1.0,27억,27억,"{""1"": ""105.8"", ""3"": ""105.82"", ""2"": ""108.09"", ""5"": ""108.2"", ""4"": ""107.13""}",1100000000,서울시,1168000000,강남구,1168010300,개포동,881,APT,개포더샵트리에,37.484809,127.057097,아파트,232.0,2.0,202112,132.23,135.57
2432665925,개포더샵트리에,아파트,매매,저/16,False,26억,135A,135.0,108.0,남동향,20240703,"41A 초중고 바로 앞 위치, 3호선 분당선 이용 편리, 갭투자 가능","['4년이내', '역세권', '대형평수', '방네개이상']",902동,1.0,26억,26억,"{""1"": ""105.8"", ""3"": ""105.82"", ""2"": ""108.09"", ""5"": ""108.2"", ""4"": ""107.13""}",1100000000,서울시,1168000000,강남구,1168010300,개포동,881,APT,개포더샵트리에,37.484809,127.057097,아파트,232.0,2.0,202112,132.23,135.57
2432334224,개포더샵트리에,아파트,매매,중/16,False,32억,132B,132.0,105.0,북동향,20240701,매매가 협의가능,"['4년이내', '역세권', '대형평수', '방네개이상']",901동,1.0,32억,32억,"{""1"": ""105.8"", ""3"": ""105.82"", ""2"": ""108.09"", ""5"": ""108.2"", ""4"": ""107.13""}",1100000000,서울시,1168000000,강남구,1168010300,개포동,881,APT,개포더샵트리에,37.484809,127.057097,아파트,232.0,2.0,202112,132.23,135.57
2431751079,개포더샵트리에,아파트,매매,저/16,False,27억,132A,132.0,105.0,남향,20240628,신축으로깨긋하고 학교와 학원다니기에 편리한 아파트,"['4년이내', '역세권', '대형평수', '방네개이상']",901동,1.0,27억,27억,"{""1"": ""105.8"", ""3"": ""105.82"", ""2"": ""108.09"", ""5"": ""108.2"", ""4"": ""107.13""}",1100000000,서울시,1168000000,강남구,1168010300,개포동,881,APT,개포더샵트리에,37.484809,127.057097,아파트,232.0,2.0,202112,132.23,135.57
2433456307,개포더샵트리에,아파트,전세,중/16,False,"13억 5,000",135C,135.0,108.0,남향,20240708,41 주인직접 탁트인뷰 상태최상 장기거주가 ,"['4년이내', '융자금없는', '역세권', '대형평수']",902동,1.0,"13억 5,000","13억 5,000","{""1"": ""105.8"", ""3"": ""105.82"", ""2"": ""108.09"", ""5"": ""108.2"", ""4"": ""107.13""}",1100000000,서울시,1168000000,강남구,1168010300,개포동,881,APT,개포더샵트리에,37.484809,127.057097,아파트,232.0,2.0,202112,132.23,135.57
2433531855,개포더샵트리에,아파트,전세,중/16,False,"13억 5,000",135A,135.0,108.0,남향,20240708,신축 내부 풀에어컨 로얄동 로얄층 전세매물,"['4년이내', '역세권', '대형평수', '방세개']",902동,1.0,"13억 5,000","13억 5,000","{""1"": ""105.8"", ""3"": ""105.82"", ""2"": ""108.09"", ""5"": ""108.2"", ""4"": ""107.13""}",1100000000,서울시,1168000000,강남구,1168010300,개포동,881,APT,개포더샵트리에,37.484809,127.057097,아파트,232.0,2.0,202112,132.23,135.57
2431305896,개포더샵트리에,아파트,매매,고/16,False,27억,135A,135.0,108.0,남동향,20240626,"41A 갭투자 가능, 역세권, 초중고 바로 앞 위치, 투자가치 우수.","['4년이내', '역세권', '대형평수', '방네개이상']",902동,1.0,27억,27억,"{""1"": ""105.8"", ""3"": ""105.82"", ""2"": ""108.09"", ""5"": ""108.2"", ""4"": ""107.13""}",1100000000,서울시,1168000000,강남구,1168010300,개포동,881,APT,개포더샵트리에,37.484809,127.057097,아파트,232.0,2.0,202112,132.23,135.57
2433243066,개포더샵트리에,아파트,매매,중/16,False,27억,132A,132.0,105.0,남향,20240706,풀에어컨 정원조망굿 더블역세권 초중고 1분거리 ,"['4년이내', '마당', '역세권', '대형평수']",901동,2.0,27억,27억,"{""1"": ""105.8"", ""3"": ""105.82"", ""2"": ""108.09"", ""5"": ""108.2"", ""4"": ""107.13""}",1100000000,서울시,1168000000,강남구,1168010300,개포동,881,APT,개포더샵트리에,37.484809,127.057097,아파트,232.0,2.0,202112,132.23,135.57
2433303721,개포더샵트리에,아파트,전세,고/16,False,"13억 4,000",132A,132.0,105.0,남향,20240706,41 주인직접 전망최고  장기거주가 ,"['4년이내', '융자금없는', '역세권', '대형평수']",901동,1.0,"13억 4,000","13억 4,000","{""1"": ""105.8"", ""3"": ""105.82"", ""2"": ""108.09"", ""5"": ""108.2"", ""4"": ""107.13""}",1100000000,서울시,1168000000,강남구,1168010300,개포동,881,APT,개포더샵트리에,37.484809,127.057097,아파트,232.0,2.0,202112,132.23,135.57
2433314734,개포더샵트리에,아파트,매매,저/16,False,26억,135A,135.0,108.0,남동향,20240706,,"['4년이내', '역세권', '대형평수', '방세개']",902동,1.0,26억,26억,"{""1"": ""105.8"", ""3"": ""105.82"", ""2"": ""108.09"", ""5"": ""108.2"", ""4"": ""107.13""}",1100000000,서울시,1168000000,강남구,1168010300,개포동,881,APT,개포더샵트리에,37.484809,127.057097,아파트,232.0,2.0,202112,132.23,135.57
2432811020,개포더샵트리에,아파트,전세,저/16,True,"13억 5,000",135A,135.0,108.0,남향,20240704,보증금작은월세 초중고도보1분거리 초역세권 장기거주가능 ,"['4년이내', '융자금없는', '역세권', '소형평수']",902동,1.0,"13억 5,000","13억 5,000","{""1"": ""105.8"", ""3"": ""105.82"", ""2"": ""108.09"", ""5"": ""108.2"", ""4"": ""107.13""}",1100000000,서울시,1168000000,강남구,1168010300,개포동,881,APT,개포더샵트리에,37.484809,127.057097,아파트,232.0,2.0,202112,132.23,135.57
2432986744,개포더샵트리에,아파트,매매,저/16,False,25억,135A,135.0,108.0,남동향,20240705,"41  주인직접  초역세권 구룡역,도곡역. 초,중등 인접  가성비좋음","['4년이내', '역세권', '대형평수', '방세개']",902동,2.0,27억,25억,"{""1"": ""105.8"", ""3"": ""105.82"", ""2"": ""108.09"", ""5"": ""108.2"", ""4"": ""107.13""}",1100000000,서울시,1168000000,강남구,1168010300,개포동,881,APT,개포더샵트리에,37.484809,127.057097,아파트,232.0,2.0,202112,132.23,135.57
2432666345,개포더샵트리에,아파트,전세,중/16,False,"13억 5,000",135A,135.0,108.0,남향,20240703,41 풀옵션 즉시입주가능  학교1분거리 지하철5분거리 햇살가득한집,"['4년이내', '역세권', '대형평수', '방세개']",902동,1.0,"13억 5,000","13억 5,000","{""1"": ""105.8"", ""3"": ""105.82"", ""2"": ""108.09"", ""5"": ""108.2"", ""4"": ""107.13""}",1100000000,서울시,1168000000,강남구,1168010300,개포동,881,APT,개포더샵트리에,37.484809,127.057097,아파트,232.0,2.0,202112,132.23,135.57
2432588046,개포더샵트리에,아파트,매매,고/16,False,27억,132A,132.0,105.0,남향,20240703,주인직접 확실매물  출발가능  입지최고 후회없는선택,"['4년이내', '역세권', '대형평수', '방네개이상']",901동,1.0,27억,27억,"{""1"": ""105.8"", ""3"": ""105.82"", ""2"": ""108.09"", ""5"": ""108.2"", ""4"": ""107.13""}",1100000000,서울시,1168000000,강남구,1168010300,개포동,881,APT,개포더샵트리에,37.484809,127.057097,아파트,232.0,2.0,202112,132.23,135.57
2432195291,개포더샵트리에,아파트,매매,중/16,False,"24억 9,000",135A,135.0,108.0,남동향,20240701,개포동 로얄동 생활편리 인프라 커뮤니티 아주좋은 매물,"['4년이내', '역세권', '대형평수', '방세개']",902동,1.0,"24억 9,000","24억 9,000","{""1"": ""105.8"", ""3"": ""105.82"", ""2"": ""108.09"", ""5"": ""108.2"", ""4"": ""107.13""}",1100000000,서울시,1168000000,강남구,1168010300,개포동,881,APT,개포더샵트리에,37.484809,127.057097,아파트,232.0,2.0,202112,132.23,135.57
2431820379,개포더샵트리에,아파트,매매,고/16,False,27억,135A,135.0,108.0,남향,20240628,신축아파트  구룡역세권  초중고인접  양재천산책,"['4년이내', '역세권', '대형평수', '방세개']",902동,1.0,27억,27억,"{""1"": ""105.8"", ""3"": ""105.82"", ""2"": ""108.09"", ""5"": ""108.2"", ""4"": ""107.13""}",1100000000,서울시,1168000000,강남구,1168010300,개포동,881,APT,개포더샵트리에,37.484809,127.057097,아파트,232.0,2.0,202112,132.23,135.57
2431665353,개포더샵트리에,아파트,매매,고/16,False,27억,135A,135.0,108.0,남동향,20240628,신축아파트  구룡역세권  초중고인접  양재천산책,"['4년이내', '역세권', '대형평수', '방세개']",902동,1.0,27억,27억,"{""1"": ""105.8"", ""3"": ""105.82"", ""2"": ""108.09"", ""5"": ""108.2"", ""4"": ""107.13""}",1100000000,서울시,1168000000,강남구,1168010300,개포동,881,APT,개포더샵트리에,37.484809,127.057097,아파트,232.0,2.0,202112,132.23,135.57
2431665139,개포더샵트리에,아파트,매매,고/16,False,27억,135A,135.0,108.0,남향,20240628,신축아파트  구룡역세권  초중고인접  양재천산책,"['4년이내', '역세권', '대형평수', '방세개']",902동,1.0,27억,27억,"{""1"": ""105.8"", ""3"": ""105.82"", ""2"": ""108.09"", ""5"": ""108.2"", ""4"": ""107.13""}",1100000000,서울시,1168000000,강남구,1168010300,개포동,881,APT,개포더샵트리에,37.484809,127.057097,아파트,232.0,2.0,202112,132.23,135.57
2431660574,개포더샵트리에,아파트,매매,고/16,False,27억,135A,135.0,108.0,남향,20240628,"초중고 ,양재천 , 구룡역까지 가까워요 투자가치 까지 완벽해요","['4년이내', '역세권', '대형평수', '방네개이상']",902동,1.0,27억,27억,"{""1"": ""105.8"", ""3"": ""105.82"", ""2"": ""108.09"", ""5"": ""108.2"", ""4"": ""107.13""}",1100000000,서울시,1168000000,강남구,1168010300,개포동,881,APT,개포더샵트리에,37.484809,127.057097,아파트,232.0,2.0,202112,132.23,135.57
2431640755,개포더샵트리에,아파트,매매,고/16,False,27억,135A,135.0,108.0,남동향,20240627,신축아파트  구룡역세권  초중고인접  양재천산책,"['4년이내', '역세권', '대형평수', '방세개']",902동,1.0,27억,27억,"{""1"": ""105.8"", ""3"": ""105.82"", ""2"": ""108.09"", ""5"": ""108.2"", ""4"": ""107.13""}",1100000000,서울시,1168000000,강남구,1168010300,개포동,881,APT,개포더샵트리에,37.484809,127.057097,아파트,232.0,2.0,202112,132.23,135.57
2431541913,개포더샵트리에,아파트,매매,고/16,False,27억,132A,132.0,105.0,남향,20240627,사드린집.진성매물.주인직 학군좋고  교통좋고  자연환경좋은  단지,"['4년이내', '역세권', '대형평수', '방세개']",901동,1.0,27억,27억,"{""1"": ""105.8"", ""3"": ""105.82"", ""2"": ""108.09"", ""5"": ""108.2"", ""4"": ""107.13""}",1100000000,서울시,1168000000,강남구,1168010300,개포동,881,APT,개포더샵트리에,37.484809,127.057097,아파트,232.0,2.0,202112,132.23,135.57
2429634211,개포더샵트리에,아파트,매매,고/16,True,27억,135A,135.0,108.0,남동향,20240617,"고려대졸.리모델링.더블역세권,하늘닿은고층,프렌들리임대인.스카이학군","['4년이내', '역세권', '대형평수', '방세개']",902동,1.0,27억,27억,"{""1"": ""105.8"", ""3"": ""105.82"", ""2"": ""108.09"", ""5"": ""108.2"", ""4"": ""107.13""}",1100000000,서울시,1168000000,강남구,1168010300,개포동,881,APT,개포더샵트리에,37.484809,127.057097,아파트,232.0,2.0,202112,132.23,135.57
2433728564,개포래미안포레스트,아파트,매매,18/21,False,22억,86A,86.0,59.0,남향,20240709,"탁트인뷰, 용인 판교 접근용이, 대형마트 병원 차량10분거리, 조중식","['4년이내', '대단지', '대형평수', '방세개']",127동,33.0,"22억 5,000",20억,"{""9"": ""49.92"", ""1"": ""59.92"", ""10"": ""59.96"", ""11"": ""74.66"", ""12"": ""84.86"", ""13"": ""84.83"", ""14"": ""84.9"", ""15"": ""84.59"", ""2"": ""96.93"", ""3"": ""96.91"", ""4"": ""102.32"", ""5"": ""102.41"", ""6"": ""112.97"", ""7"": ""112.73"", ""8"": ""136.06""}",1100000000,서울시,1168000000,강남구,1168010300,개포동,119219,APT,개포래미안포레스트,37.478448,127.054031,아파트,2296.0,31.0,20200928,74.31,174.19
2433818018,개포래미안포레스트,아파트,매매,14/34,False,35억,135A,135.0,102.0,남서향,20240709,41  입주가능   숲세권아파트 달터공원   호텔식 조중식,"['4년이내', '대단지', '대형평수', '방네개이상']",119동,28.0,35억,35억,"{""9"": ""49.92"", ""1"": ""59.92"", ""10"": ""59.96"", ""11"": ""74.66"", ""12"": ""84.86"", ""13"": ""84.83"", ""14"": ""84.9"", ""15"": ""84.59"", ""2"": ""96.93"", ""3"": ""96.91"", ""4"": ""102.32"", ""5"": ""102.41"", ""6"": ""112.97"", ""7"": ""112.73"", ""8"": ""136.06""}",1100000000,서울시,1168000000,강남구,1168010300,개포동,119219,APT,개포래미안포레스트,37.478448,127.054031,아파트,2296.0,31.0,20200928,74.31,174.19
2433788921,개포래미안포레스트,아파트,전세,25/34,False,17억,148A,148.0,112.0,남동향,20240709,45 시원하게트인뷰 입주일협의가능 최고급커뮤니티 조중식서비스,"['4년이내', '대단지', '대형평수', '방네개이상']",119동,6.0,17억,17억,"{""9"": ""49.92"", ""1"": ""59.92"", ""10"": ""59.96"", ""11"": ""74.66"", ""12"": ""84.86"", ""13"": ""84.83"", ""14"": ""84.9"", ""15"": ""84.59"", ""2"": ""96.93"", ""3"": ""96.91"", ""4"": ""102.32"", ""5"": ""102.41"", ""6"": ""112.97"", ""7"": ""112.73"", ""8"": ""136.06""}",1100000000,서울시,1168000000,강남구,1168010300,개포동,119219,APT,개포래미안포레스트,37.478448,127.054031,아파트,2296.0,31.0,20200928,74.31,174.19
2433831744,개포래미안포레스트,아파트,매매,7/19,False,27억,115A,115.0,84.0,남동향,20240709,35  O조율가 O조중식 O구룡초 O골프 스카이라운지 게스트하우스,"['4년이내', '대단지', '방세개', '화장실두개']",130동,20.0,27억,27억,"{""9"": ""49.92"", ""1"": ""59.92"", ""10"": ""59.96"", ""11"": ""74.66"", ""12"": ""84.86"", ""13"": ""84.83"", ""14"": ""84.9"", ""15"": ""84.59"", ""2"": ""96.93"", ""3"": ""96.91"", ""4"": ""102.32"", ""5"": ""102.41"", ""6"": ""112.97"", ""7"": ""112.73"", ""8"": ""136.06""}",1100000000,서울시,1168000000,강남구,1168010300,개포동,119219,APT,개포래미안포레스트,37.478448,127.054031,아파트,2296.0,31.0,20200928,74.31,174.19
2433723424,개포래미안포레스트,아파트,전세,26/34,False,16억,149B,149.0,112.0,남향,20240709,"45.저렴한 전세.숲세권 공원뷰, 명품커뮤니티인접동. 호텔식조중식.","['4년이내', '대단지', '대형평수', '방네개이상']",119동,23.0,16억,16억,"{""9"": ""49.92"", ""1"": ""59.92"", ""10"": ""59.96"", ""11"": ""74.66"", ""12"": ""84.86"", ""13"": ""84.83"", ""14"": ""84.9"", ""15"": ""84.59"", ""2"": ""96.93"", ""3"": ""96.91"", ""4"": ""102.32"", ""5"": ""102.41"", ""6"": ""112.97"", ""7"": ""112.73"", ""8"": ""136.06""}",1100000000,서울시,1168000000,강남구,1168010300,개포동,119219,APT,개포래미안포레스트,37.478448,127.054031,아파트,2296.0,31.0,20200928,74.31,174.19
2433831703,개포래미안포레스트,아파트,매매,10/10,False,28억,115A,115.0,84.0,남동향,20240709,35 O조율가 O조중식 O구룡초 O골프 스카이라운지 게스트하우스,"['4년이내', '대단지', '탑층', '방세개']",121동,33.0,28억,27억,"{""9"": ""49.92"", ""1"": ""59.92"", ""10"": ""59.96"", ""11"": ""74.66"", ""12"": ""84.86"", ""13"": ""84.83"", ""14"": ""84.9"", ""15"": ""84.59"", ""2"": ""96.93"", ""3"": ""96.91"", ""4"": ""102.32"", ""5"": ""102.41"", ""6"": ""112.97"", ""7"": ""112.73"", ""8"": ""136.06""}",1100000000,서울시,1168000000,강남구,1168010300,개포동,119219,APT,개포래미안포레스트,37.478448,127.054031,아파트,2296.0,31.0,20200928,74.31,174.19
2433831450,개포래미안포레스트,아파트,매매,22/22,False,22억,86A,86.0,59.0,남동향,20240709,26 O조율가 O조중식 O숲세권 O골프 스카이라운지 게스트하우스,"['4년이내', '대단지', '탑층', '방세개']",129동,37.0,22억,20억,"{""9"": ""49.92"", ""1"": ""59.92"", ""10"": ""59.96"", ""11"": ""74.66"", ""12"": ""84.86"", ""13"": ""84.83"", ""14"": ""84.9"", ""15"": ""84.59"", ""2"": ""96.93"", ""3"": ""96.91"", ""4"": ""102.32"", ""5"": ""102.41"", ""6"": ""112.97"", ""7"": ""112.73"", ""8"": ""136.06""}",1100000000,서울시,1168000000,강남구,1168010300,개포동,119219,APT,개포래미안포레스트,37.478448,127.054031,아파트,2296.0,31.0,20200928,74.31,174.19
2433831329,개포래미안포레스트,아파트,매매,6/14,False,22억,86A,86.0,59.0,남동향,20240709,26 구룡초 O조율가 O조중식 O숲세권 O골프 스카이라운지 게스트하우스,"['4년이내', '대단지', '방세개', '화장실두개']",107동,56.0,"22억 5,000",20억,"{""9"": ""49.92"", ""1"": ""59.92"", ""10"": ""59.96"", ""11"": ""74.66"", ""12"": ""84.86"", ""13"": ""84.83"", ""14"": ""84.9"", ""15"": ""84.59"", ""2"": ""96.93"", ""3"": ""96.91"", ""4"": ""102.32"", ""5"": ""102.41"", ""6"": ""112.97"", ""7"": ""112.73"", ""8"": ""136.06""}",1100000000,서울시,1168000000,강남구,1168010300,개포동,119219,APT,개포래미안포레스트,37.478448,127.054031,아파트,2296.0,31.0,20200928,74.31,174.19
2433815440,개포래미안포레스트,아파트,매매,16/33,False,27억,115D,115.0,84.0,남동향,20240709,35 O조율가 O조중식 O구룡초 O골프 스카이라운지 게스트하우스,"['4년이내', '대단지', '방세개', '화장실두개']",109동,5.0,27억,27억,"{""9"": ""49.92"", ""1"": ""59.92"", ""10"": ""59.96"", ""11"": ""74.66"", ""12"": ""84.86"", ""13"": ""84.83"", ""14"": ""84.9"", ""15"": ""84.59"", ""2"": ""96.93"", ""3"": ""96.91"", ""4"": ""102.32"", ""5"": ""102.41"", ""6"": ""112.97"", ""7"": ""112.73"", ""8"": ""136.06""}",1100000000,서울시,1168000000,강남구,1168010300,개포동,119219,APT,개포래미안포레스트,37.478448,127.054031,아파트,2296.0,31.0,20200928,74.31,174.19
2433805596,개포래미안포레스트,아파트,매매,7/33,False,39억,136B,136.0,102.0,남동향,20240709,41. 주인의뢰O구룡초O로얄동O명품커뮤니티,"['4년이내', '대단지', '대형평수', '방네개이상']",109동,28.0,41억,39억,"{""9"": ""49.92"", ""1"": ""59.92"", ""10"": ""59.96"", ""11"": ""74.66"", ""12"": ""84.86"", ""13"": ""84.83"", ""14"": ""84.9"", ""15"": ""84.59"", ""2"": ""96.93"", ""3"": ""96.91"", ""4"": ""102.32"", ""5"": ""102.41"", ""6"": ""112.97"", ""7"": ""112.73"", ""8"": ""136.06""}",1100000000,서울시,1168000000,강남구,1168010300,개포동,119219,APT,개포래미안포레스트,37.478448,127.054031,아파트,2296.0,31.0,20200928,74.31,174.19
2433831236,개포래미안포레스트,아파트,매매,13/16,False,"21억 5,000",86A,86.0,59.0,남동향,20240709,26 O조율가 O조중식 O숲세권 O골프 스카이라운지 게스트하우스,"['4년이내', '대단지', '방세개', '화장실두개']",102동,29.0,"21억 5,000",20억,"{""9"": ""49.92"", ""1"": ""59.92"", ""10"": ""59.96"", ""11"": ""74.66"", ""12"": ""84.86"", ""13"": ""84.83"", ""14"": ""84.9"", ""15"": ""84.59"", ""2"": ""96.93"", ""3"": ""96.91"", ""4"": ""102.32"", ""5"": ""102.41"", ""6"": ""112.97"", ""7"": ""112.73"", ""8"": ""136.06""}",1100000000,서울시,1168000000,강남구,1168010300,개포동,119219,APT,개포래미안포레스트,37.478448,127.054031,아파트,2296.0,31.0,20200928,74.31,174.19
2433817078,개포래미안포레스트,아파트,전세,28/34,False,16억,135A,135.0,102.0,남동향,20240709,41 구룡산전망 로얄동층 전월세 조율가능 최고급커뮤니티와 조중식,"['4년이내', '대단지', '대형평수', '방네개이상']",119동,23.0,"18억 5,000",16억,"{""9"": ""49.92"", ""1"": ""59.92"", ""10"": ""59.96"", ""11"": ""74.66"", ""12"": ""84.86"", ""13"": ""84.83"", ""14"": ""84.9"", ""15"": ""84.59"", ""2"": ""96.93"", ""3"": ""96.91"", ""4"": ""102.32"", ""5"": ""102.41"", ""6"": ""112.97"", ""7"": ""112.73"", ""8"": ""136.06""}",1100000000,서울시,1168000000,강남구,1168010300,개포동,119219,APT,개포래미안포레스트,37.478448,127.054031,아파트,2296.0,31.0,20200928,74.31,174.19
2433816216,개포래미안포레스트,아파트,매매,12/14,False,18억,74,74.0,49.0,남서향,20240709,22 세안고  로얄동 장기거주가증   달터공원,"['4년이내', '대단지', '방두개', '화장실두개']",111동,28.0,19억,"17억 5,000","{""9"": ""49.92"", ""1"": ""59.92"", ""10"": ""59.96"", ""11"": ""74.66"", ""12"": ""84.86"", ""13"": ""84.83"", ""14"": ""84.9"", ""15"": ""84.59"", ""2"": ""96.93"", ""3"": ""96.91"", ""4"": ""102.32"", ""5"": ""102.41"", ""6"": ""112.97"", ""7"": ""112.73"", ""8"": ""136.06""}",1100000000,서울시,1168000000,강남구,1168010300,개포동,119219,APT,개포래미안포레스트,37.478448,127.054031,아파트,2296.0,31.0,20200928,74.31,174.19
2433827332,개포래미안포레스트,아파트,매매,25/34,False,36억,135A,135.0,102.0,남동향,20240709,41.  올수리로 풀옵션 관리잘된 집 숲세권라이프,"['4년이내', '올수리', '대단지', '대형평수']",124동,32.0,36억,36억,"{""9"": ""49.92"", ""1"": ""59.92"", ""10"": ""59.96"", ""11"": ""74.66"", ""12"": ""84.86"", ""13"": ""84.83"", ""14"": ""84.9"", ""15"": ""84.59"", ""2"": ""96.93"", ""3"": ""96.91"", ""4"": ""102.32"", ""5"": ""102.41"", ""6"": ""112.97"", ""7"": ""112.73"", ""8"": ""136.06""}",1100000000,서울시,1168000000,강남구,1168010300,개포동,119219,APT,개포래미안포레스트,37.478448,127.054031,아파트,2296.0,31.0,20200928,74.31,174.19
2433827183,개포래미안포레스트,아파트,전세,8/14,False,11억,101,101.0,74.0,남동향,20240709,31 귀한평형전세 어린이집 놀이터 구룡초배정 육아최적동 풀옵션,"['4년이내', '융자금없는', '대단지', '방세개']",110동,27.0,12억,"10억 5,000","{""9"": ""49.92"", ""1"": ""59.92"", ""10"": ""59.96"", ""11"": ""74.66"", ""12"": ""84.86"", ""13"": ""84.83"", ""14"": ""84.9"", ""15"": ""84.59"", ""2"": ""96.93"", ""3"": ""96.91"", ""4"": ""102.32"", ""5"": ""102.41"", ""6"": ""112.97"", ""7"": ""112.73"", ""8"": ""136.06""}",1100000000,서울시,1168000000,강남구,1168010300,개포동,119219,APT,개포래미안포레스트,37.478448,127.054031,아파트,2296.0,31.0,20200928,74.31,174.19
2433721609,개포래미안포레스트,아파트,전세,14/15,True,"12억 8,000",115A,115.0,84.0,남동향,20240709,34. 전세. 숲세권명품 아파트. 8학군. 명품 커뮤니티.호텔식조중식,"['4년이내', '대단지', '방세개', '화장실두개']",131동,34.0,13억,"12억 8,000","{""9"": ""49.92"", ""1"": ""59.92"", ""10"": ""59.96"", ""11"": ""74.66"", ""12"": ""84.86"", ""13"": ""84.83"", ""14"": ""84.9"", ""15"": ""84.59"", ""2"": ""96.93"", ""3"": ""96.91"", ""4"": ""102.32"", ""5"": ""102.41"", ""6"": ""112.97"", ""7"": ""112.73"", ""8"": ""136.06""}",1100000000,서울시,1168000000,강남구,1168010300,개포동,119219,APT,개포래미안포레스트,37.478448,127.054031,아파트,2296.0,31.0,20200928,74.31,174.19
2433827154,개포래미안포레스트,아파트,매매,29/33,False,34억,128A,128.0,96.0,남동향,20240709,39 주인직접의뢰 로얄동로얄층 달터공원뷰 전망굿 세안고 캡투강추,"['4년이내', '대단지', '방네개이상', '화장실두개']",104동,51.0,35억,33억,"{""9"": ""49.92"", ""1"": ""59.92"", ""10"": ""59.96"", ""11"": ""74.66"", ""12"": ""84.86"", ""13"": ""84.83"", ""14"": ""84.9"", ""15"": ""84.59"", ""2"": ""96.93"", ""3"": ""96.91"", ""4"": ""102.32"", ""5"": ""102.41"", ""6"": ""112.97"", ""7"": ""112.73"", ""8"": ""136.06""}",1100000000,서울시,1168000000,강남구,1168010300,개포동,119219,APT,개포래미안포레스트,37.478448,127.054031,아파트,2296.0,31.0,20200928,74.31,174.19
2433775800,개포래미안포레스트,아파트,매매,30/34,False,"36억 5,000",135A,135.0,102.0,남동향,20240709,"41.구룡산멋진조망O최고급커뮤니티O호텔식조중식O달터공원,양재천","['4년이내', '대단지', '대형평수', '방네개이상']",124동,10.0,41억,34억,"{""9"": ""49.92"", ""1"": ""59.92"", ""10"": ""59.96"", ""11"": ""74.66"", ""12"": ""84.86"", ""13"": ""84.83"", ""14"": ""84.9"", ""15"": ""84.59"", ""2"": ""96.93"", ""3"": ""96.91"", ""4"": ""102.32"", ""5"": ""102.41"", ""6"": ""112.97"", ""7"": ""112.73"", ""8"": ""136.06""}",1100000000,서울시,1168000000,강남구,1168010300,개포동,119219,APT,개포래미안포레스트,37.478448,127.054031,아파트,2296.0,31.0,20200928,74.31,174.19
2433805561,개포래미안포레스트,아파트,매매,12/35,False,35억,128A,128.0,96.0,남서향,20240709,39. 주인직접의뢰O관악산뷰O 햇살 밝은집O 로얄동로얄층,"['4년이내', '대단지', '방네개이상', '화장실두개']",115동,52.0,35억,34억,"{""9"": ""49.92"", ""1"": ""59.92"", ""10"": ""59.96"", ""11"": ""74.66"", ""12"": ""84.86"", ""13"": ""84.83"", ""14"": ""84.9"", ""15"": ""84.59"", ""2"": ""96.93"", ""3"": ""96.91"", ""4"": ""102.32"", ""5"": ""102.41"", ""6"": ""112.97"", ""7"": ""112.73"", ""8"": ""136.06""}",1100000000,서울시,1168000000,강남구,1168010300,개포동,119219,APT,개포래미안포레스트,37.478448,127.054031,아파트,2296.0,31.0,20200928,74.31,174.19
2433727700,개포래미안포레스트,아파트,전세,21/33,False,17억,136B,136.0,102.0,남향,20240709,"41.주인직.전세.로얄동층.공원뷰최고.명품커뮤니티,호텔식조중식","['4년이내', '대단지', '대형평수', '방네개이상']",109동,6.0,19억,17억,"{""9"": ""49.92"", ""1"": ""59.92"", ""10"": ""59.96"", ""11"": ""74.66"", ""12"": ""84.86"", ""13"": ""84.83"", ""14"": ""84.9"", ""15"": ""84.59"", ""2"": ""96.93"", ""3"": ""96.91"", ""4"": ""102.32"", ""5"": ""102.41"", ""6"": ""112.97"", ""7"": ""112.73"", ""8"": ""136.06""}",1100000000,서울시,1168000000,강남구,1168010300,개포동,119219,APT,개포래미안포레스트,37.478448,127.054031,아파트,2296.0,31.0,20200928,74.31,174.19
2433652228,개포래미안포레스트,아파트,매매,22/33,False,32억,128A,128.0,96.0,남동향,20240709,39갭투가O조정가O최고의 달터공원조망O호텔식 조중식 서비스O판상형,"['4년이내', '대단지', '방네개이상', '화장실두개']",104동,4.0,35억,32억,"{""9"": ""49.92"", ""1"": ""59.92"", ""10"": ""59.96"", ""11"": ""74.66"", ""12"": ""84.86"", ""13"": ""84.83"", ""14"": ""84.9"", ""15"": ""84.59"", ""2"": ""96.93"", ""3"": ""96.91"", ""4"": ""102.32"", ""5"": ""102.41"", ""6"": ""112.97"", ""7"": ""112.73"", ""8"": ""136.06""}",1100000000,서울시,1168000000,강남구,1168010300,개포동,119219,APT,개포래미안포레스트,37.478448,127.054031,아파트,2296.0,31.0,20200928,74.31,174.19
2433639381,개포래미안포레스트,아파트,전세,21/29,False,"12억 8,000",115A,115.0,84.0,남동향,20240709,35실매물O훤히 트인 조망O최고의커뮤니티시설O호텔식 조중식 서비스O판상형,"['4년이내', '융자금없는', '대단지', '방세개']",118동,4.0,"12억 8,000","12억 8,000","{""9"": ""49.92"", ""1"": ""59.92"", ""10"": ""59.96"", ""11"": ""74.66"", ""12"": ""84.86"", ""13"": ""84.83"", ""14"": ""84.9"", ""15"": ""84.59"", ""2"": ""96.93"", ""3"": ""96.91"", ""4"": ""102.32"", ""5"": ""102.41"", ""6"": ""112.97"", ""7"": ""112.73"", ""8"": ""136.06""}",1100000000,서울시,1168000000,강남구,1168010300,개포동,119219,APT,개포래미안포레스트,37.478448,127.054031,아파트,2296.0,31.0,20200928,74.31,174.19
2433711288,개포래미안포레스트,아파트,전세,7/15,False,"11억 5,000",86A,86.0,59.0,남동향,20240709,26 구룡초배정 대중교통편리 식사제공아파트 장기거주,"['4년이내', '대단지', '방세개', '화장실두개']",108동,14.0,"11억 5,000",11억,"{""9"": ""49.92"", ""1"": ""59.92"", ""10"": ""59.96"", ""11"": ""74.66"", ""12"": ""84.86"", ""13"": ""84.83"", ""14"": ""84.9"", ""15"": ""84.59"", ""2"": ""96.93"", ""3"": ""96.91"", ""4"": ""102.32"", ""5"": ""102.41"", ""6"": ""112.97"", ""7"": ""112.73"", ""8"": ""136.06""}",1100000000,서울시,1168000000,강남구,1168010300,개포동,119219,APT,개포래미안포레스트,37.478448,127.054031,아파트,2296.0,31.0,20200928,74.31,174.19
2433687754,개포래미안포레스트,아파트,매매,25/34,False,40억,149B,149.0,112.0,남동향,20240709,45 갭투가O최고조망O최고급커뮤니티O달터공원산책로,"['4년이내', '대단지', '대형평수', '방네개이상']",119동,22.0,40억,40억,"{""9"": ""49.92"", ""1"": ""59.92"", ""10"": ""59.96"", ""11"": ""74.66"", ""12"": ""84.86"", ""13"": ""84.83"", ""14"": ""84.9"", ""15"": ""84.59"", ""2"": ""96.93"", ""3"": ""96.91"", ""4"": ""102.32"", ""5"": ""102.41"", ""6"": ""112.97"", ""7"": ""112.73"", ""8"": ""136.06""}",1100000000,서울시,1168000000,강남구,1168010300,개포동,119219,APT,개포래미안포레스트,37.478448,127.054031,아파트,2296.0,31.0,20200928,74.31,174.19
2433650745,개포래미안포레스트,아파트,매매,21/29,False,28억,115A,115.0,84.0,남동향,20240709,"35파노라마조망O입주,갭투가능O로얄동호수O호텔식조중식서비스O판상형","['4년이내', '대단지', '방세개', '화장실두개']",118동,4.0,28억,27억,"{""9"": ""49.92"", ""1"": ""59.92"", ""10"": ""59.96"", ""11"": ""74.66"", ""12"": ""84.86"", ""13"": ""84.83"", ""14"": ""84.9"", ""15"": ""84.59"", ""2"": ""96.93"", ""3"": ""96.91"", ""4"": ""102.32"", ""5"": ""102.41"", ""6"": ""112.97"", ""7"": ""112.73"", ""8"": ""136.06""}",1100000000,서울시,1168000000,강남구,1168010300,개포동,119219,APT,개포래미안포레스트,37.478448,127.054031,아파트,2296.0,31.0,20200928,74.31,174.19
2433657985,개포래미안포레스트,아파트,매매,31/34,False,35억,135A,135.0,102.0,남동향,20240709,"41. 매매, 주인직접, 호텔식 조중식, 양재천 산책, 달터공원에서 힐링","['4년이내', '대단지', '대형평수', '방네개이상']",124동,2.0,35억,35억,"{""9"": ""49.92"", ""1"": ""59.92"", ""10"": ""59.96"", ""11"": ""74.66"", ""12"": ""84.86"", ""13"": ""84.83"", ""14"": ""84.9"", ""15"": ""84.59"", ""2"": ""96.93"", ""3"": ""96.91"", ""4"": ""102.32"", ""5"": ""102.41"", ""6"": ""112.97"", ""7"": ""112.73"", ""8"": ""136.06""}",1100000000,서울시,1168000000,강남구,1168010300,개포동,119219,APT,개포래미안포레스트,37.478448,127.054031,아파트,2296.0,31.0,20200928,74.31,174.19
2433675181,개포래미안포레스트,아파트,매매,5/16,False,19억,74,74.0,49.0,남동향,20240709,22 욕실2개 계단형 고급투룸 5성급사우나 보유가치상승,"['4년이내', '대단지', '방두개', '화장실두개']",128동,21.0,19억,19억,"{""9"": ""49.92"", ""1"": ""59.92"", ""10"": ""59.96"", ""11"": ""74.66"", ""12"": ""84.86"", ""13"": ""84.83"", ""14"": ""84.9"", ""15"": ""84.59"", ""2"": ""96.93"", ""3"": ""96.91"", ""4"": ""102.32"", ""5"": ""102.41"", ""6"": ""112.97"", ""7"": ""112.73"", ""8"": ""136.06""}",1100000000,서울시,1168000000,강남구,1168010300,개포동,119219,APT,개포래미안포레스트,37.478448,127.054031,아파트,2296.0,31.0,20200928,74.31,174.19
2433695844,개포래미안포레스트,아파트,매매,25/34,False,40억,148A,148.0,112.0,남향,20240709,"41. 매매. 주인직. 공원옆,  선호동,  호텔식조중식, 명품커뮤니티","['4년이내', '대단지', '대형평수', '방네개이상']",119동,40.0,40억,40억,"{""9"": ""49.92"", ""1"": ""59.92"", ""10"": ""59.96"", ""11"": ""74.66"", ""12"": ""84.86"", ""13"": ""84.83"", ""14"": ""84.9"", ""15"": ""84.59"", ""2"": ""96.93"", ""3"": ""96.91"", ""4"": ""102.32"", ""5"": ""102.41"", ""6"": ""112.97"", ""7"": ""112.73"", ""8"": ""136.06""}",1100000000,서울시,1168000000,강남구,1168010300,개포동,119219,APT,개포래미안포레스트,37.478448,127.054031,아파트,2296.0,31.0,20200928,74.31,174.19
2433667650,개포래미안포레스트,아파트,전세,30/34,False,16억,135A,135.0,102.0,남동향,20240709,"41.구룡산파노라마조망O최고급커뮤니티O조중식O달터공원,양재천","['4년이내', '융자금없는', '대단지', '대형평수']",124동,38.0,17억,14억,"{""9"": ""49.92"", ""1"": ""59.92"", ""10"": ""59.96"", ""11"": ""74.66"", ""12"": ""84.86"", ""13"": ""84.83"", ""14"": ""84.9"", ""15"": ""84.59"", ""2"": ""96.93"", ""3"": ""96.91"", ""4"": ""102.32"", ""5"": ""102.41"", ""6"": ""112.97"", ""7"": ""112.73"", ""8"": ""136.06""}",1100000000,서울시,1168000000,강남구,1168010300,개포동,119219,APT,개포래미안포레스트,37.478448,127.054031,아파트,2296.0,31.0,20200928,74.31,174.19
2433657001,개포래미안포레스트,아파트,전세,13/16,False,10억,86A,86.0,59.0,남동향,20240709,"26. 전세, 주인직접, 호텔급 조중식, 양재천 산책, 달터공원에서 힐링","['4년이내', '대단지', '방세개', '화장실두개']",102동,47.0,10억,"9억 5,000","{""9"": ""49.92"", ""1"": ""59.92"", ""10"": ""59.96"", ""11"": ""74.66"", ""12"": ""84.86"", ""13"": ""84.83"", ""14"": ""84.9"", ""15"": ""84.59"", ""2"": ""96.93"", ""3"": ""96.91"", ""4"": ""102.32"", ""5"": ""102.41"", ""6"": ""112.97"", ""7"": ""112.73"", ""8"": ""136.06""}",1100000000,서울시,1168000000,강남구,1168010300,개포동,119219,APT,개포래미안포레스트,37.478448,127.054031,아파트,2296.0,31.0,20200928,74.31,174.19
2433688566,개포래미안포레스트,아파트,매매,7/35,False,"22억 5,000",86B,86.0,59.0,남향,20240709,26 주인직접 구룡초배정 커뮤니티최상,"['4년이내', '대단지', '방세개', '화장실두개']",114동,4.0,"22억 5,000","22억 5,000","{""9"": ""49.92"", ""1"": ""59.92"", ""10"": ""59.96"", ""11"": ""74.66"", ""12"": ""84.86"", ""13"": ""84.83"", ""14"": ""84.9"", ""15"": ""84.59"", ""2"": ""96.93"", ""3"": ""96.91"", ""4"": ""102.32"", ""5"": ""102.41"", ""6"": ""112.97"", ""7"": ""112.73"", ""8"": ""136.06""}",1100000000,서울시,1168000000,강남구,1168010300,개포동,119219,APT,개포래미안포레스트,37.478448,127.054031,아파트,2296.0,31.0,20200928,74.31,174.19
2433717221,개포래미안포레스트,아파트,전세,10/34,False,17억,149B,149.0,112.0,남향,20240709,45  근린공원바로앞동 조용한동 풀옵션 최고급커뮤니티 조중식서비스,"['4년이내', '융자금없는', '대단지', '대형평수']",119동,2.0,"18억 5,000",17억,"{""9"": ""49.92"", ""1"": ""59.92"", ""10"": ""59.96"", ""11"": ""74.66"", ""12"": ""84.86"", ""13"": ""84.83"", ""14"": ""84.9"", ""15"": ""84.59"", ""2"": ""96.93"", ""3"": ""96.91"", ""4"": ""102.32"", ""5"": ""102.41"", ""6"": ""112.97"", ""7"": ""112.73"", ""8"": ""136.06""}",1100000000,서울시,1168000000,강남구,1168010300,개포동,119219,APT,개포래미안포레스트,37.478448,127.054031,아파트,2296.0,31.0,20200928,74.31,174.19
2433722092,개포래미안포레스트,아파트,매매,2/14,False,26억,115A,115.0,84.0,남향,20240709,34 개포최대 럭셔리 아파트  놀라운 커뮤니티 우수학군,"['4년이내', '대단지', '필로티', '방세개']",101동,37.0,26억,26억,"{""9"": ""49.92"", ""1"": ""59.92"", ""10"": ""59.96"", ""11"": ""74.66"", ""12"": ""84.86"", ""13"": ""84.83"", ""14"": ""84.9"", ""15"": ""84.59"", ""2"": ""96.93"", ""3"": ""96.91"", ""4"": ""102.32"", ""5"": ""102.41"", ""6"": ""112.97"", ""7"": ""112.73"", ""8"": ""136.06""}",1100000000,서울시,1168000000,강남구,1168010300,개포동,119219,APT,개포래미안포레스트,37.478448,127.054031,아파트,2296.0,31.0,20200928,74.31,174.19
2433689595,개포래미안포레스트,아파트,매매,28/34,False,36억,135A,135.0,102.0,남동향,20240709,,"['4년이내', '대단지', '대형평수', '방네개이상']",119동,2.0,36억,36억,"{""9"": ""49.92"", ""1"": ""59.92"", ""10"": ""59.96"", ""11"": ""74.66"", ""12"": ""84.86"", ""13"": ""84.83"", ""14"": ""84.9"", ""15"": ""84.59"", ""2"": ""96.93"", ""3"": ""96.91"", ""4"": ""102.32"", ""5"": ""102.41"", ""6"": ""112.97"", ""7"": ""112.73"", ""8"": ""136.06""}",1100000000,서울시,1168000000,강남구,1168010300,개포동,119219,APT,개포래미안포레스트,37.478448,127.054031,아파트,2296.0,31.0,20200928,74.31,174.19
2433610701,개포래미안포레스트,아파트,매매,18/21,False,22억,86A,86.0,59.0,남동향,20240708,26. 햇살가득한 전망좋은집.세안고매매,"['4년이내', '대단지', '방세개', '화장실두개']",127동,4.0,22억,20억,"{""9"": ""49.92"", ""1"": ""59.92"", ""10"": ""59.96"", ""11"": ""74.66"", ""12"": ""84.86"", ""13"": ""84.83"", ""14"": ""84.9"", ""15"": ""84.59"", ""2"": ""96.93"", ""3"": ""96.91"", ""4"": ""102.32"", ""5"": ""102.41"", ""6"": ""112.97"", ""7"": ""112.73"", ""8"": ""136.06""}",1100000000,서울시,1168000000,강남구,1168010300,개포동,119219,APT,개포래미안포레스트,37.478448,127.054031,아파트,2296.0,31.0,20200928,74.31,174.19
2433286195,개포래미안포레스트,아파트,매매,6/14,False,21억,86A,86.0,59.0,남향,20240706,26 짧은월세안고 아늑한정원뷰 최상커뮤니티 조중식 강력추천,"['4년이내', '대단지', '방세개', '화장실두개']",107동,2.0,21억,21억,"{""9"": ""49.92"", ""1"": ""59.92"", ""10"": ""59.96"", ""11"": ""74.66"", ""12"": ""84.86"", ""13"": ""84.83"", ""14"": ""84.9"", ""15"": ""84.59"", ""2"": ""96.93"", ""3"": ""96.91"", ""4"": ""102.32"", ""5"": ""102.41"", ""6"": ""112.97"", ""7"": ""112.73"", ""8"": ""136.06""}",1100000000,서울시,1168000000,강남구,1168010300,개포동,119219,APT,개포래미안포레스트,37.478448,127.054031,아파트,2296.0,31.0,20200928,74.31,174.19
2433131591,개포래미안포레스트,아파트,매매,10/10,False,28억,115A,115.0,84.0,남동향,20240705,34 주인직 컨디션좋은집 시원한 조망 초입,"['4년이내', '대단지', '탑층', '방세개']",121동,2.0,28억,28억,"{""9"": ""49.92"", ""1"": ""59.92"", ""10"": ""59.96"", ""11"": ""74.66"", ""12"": ""84.86"", ""13"": ""84.83"", ""14"": ""84.9"", ""15"": ""84.59"", ""2"": ""96.93"", ""3"": ""96.91"", ""4"": ""102.32"", ""5"": ""102.41"", ""6"": ""112.97"", ""7"": ""112.73"", ""8"": ""136.06""}",1100000000,서울시,1168000000,강남구,1168010300,개포동,119219,APT,개포래미안포레스트,37.478448,127.054031,아파트,2296.0,31.0,20200928,74.31,174.19
2433064090,개포래미안포레스트,아파트,매매,20/34,False,40억,135A,135.0,102.0,남향,20240705,41 실매물 구룡산최고 숲 전망 전세안고 로얄동 로얄층수 최고의 커뮤니티,"['4년이내', '대단지', '화장실두개', '대형평수']",124동,1.0,40억,40억,"{""9"": ""49.92"", ""1"": ""59.92"", ""10"": ""59.96"", ""11"": ""74.66"", ""12"": ""84.86"", ""13"": ""84.83"", ""14"": ""84.9"", ""15"": ""84.59"", ""2"": ""96.93"", ""3"": ""96.91"", ""4"": ""102.32"", ""5"": ""102.41"", ""6"": ""112.97"", ""7"": ""112.73"", ""8"": ""136.06""}",1100000000,서울시,1168000000,강남구,1168010300,개포동,119219,APT,개포래미안포레스트,37.478448,127.054031,아파트,2296.0,31.0,20200928,74.31,174.19
2432926954,개포래미안포레스트,아파트,전세,12/34,False,16억,135A,135.0,102.0,남동향,20240704,41.전세.숲세권.하이엔드커뮤니티,"['4년이내', '대단지', '대형평수', '방네개이상']",124동,1.0,16억,16억,"{""9"": ""49.92"", ""1"": ""59.92"", ""10"": ""59.96"", ""11"": ""74.66"", ""12"": ""84.86"", ""13"": ""84.83"", ""14"": ""84.9"", ""15"": ""84.59"", ""2"": ""96.93"", ""3"": ""96.91"", ""4"": ""102.32"", ""5"": ""102.41"", ""6"": ""112.97"", ""7"": ""112.73"", ""8"": ""136.06""}",1100000000,서울시,1168000000,강남구,1168010300,개포동,119219,APT,개포래미안포레스트,37.478448,127.054031,아파트,2296.0,31.0,20200928,74.31,174.19
2432855882,개포래미안포레스트,아파트,매매,20/35,True,28억,115B,115.0,84.0,남향,20240704,35 주인직매물  고급 퀄리티 끝내주는 뻥뷰 우수한 전망뷰라인,"['4년이내', '대단지', '방세개', '화장실두개']",114동,3.0,28억,"26억 5,000","{""9"": ""49.92"", ""1"": ""59.92"", ""10"": ""59.96"", ""11"": ""74.66"", ""12"": ""84.86"", ""13"": ""84.83"", ""14"": ""84.9"", ""15"": ""84.59"", ""2"": ""96.93"", ""3"": ""96.91"", ""4"": ""102.32"", ""5"": ""102.41"", ""6"": ""112.97"", ""7"": ""112.73"", ""8"": ""136.06""}",1100000000,서울시,1168000000,강남구,1168010300,개포동,119219,APT,개포래미안포레스트,37.478448,127.054031,아파트,2296.0,31.0,20200928,74.31,174.19
2433657730,개포래미안포레스트,아파트,매매,중/14,False,22억,86A,86.0,59.0,남동향,20240709,26 집주인직접의뢰 확실매물 구룡초배정 실입주가능 명품커뮤니티 협의가능,"['4년이내', '대단지', '방세개', '화장실두개']",106동,12.0,22억,21억,"{""9"": ""49.92"", ""1"": ""59.92"", ""10"": ""59.96"", ""11"": ""74.66"", ""12"": ""84.86"", ""13"": ""84.83"", ""14"": ""84.9"", ""15"": ""84.59"", ""2"": ""96.93"", ""3"": ""96.91"", ""4"": ""102.32"", ""5"": ""102.41"", ""6"": ""112.97"", ""7"": ""112.73"", ""8"": ""136.06""}",1100000000,서울시,1168000000,강남구,1168010300,개포동,119219,APT,개포래미안포레스트,37.478448,127.054031,아파트,2296.0,31.0,20200928,74.31,174.19
2433816801,개포래미안포레스트,아파트,매매,저/34,False,33억,129B,129.0,96.0,남서향,20240709,39  시원하게펼쳐진구룡산 청계산 전망  달터공원,"['4년이내', '대단지', '방네개이상', '화장실두개']",124동,11.0,33억,31억,"{""9"": ""49.92"", ""1"": ""59.92"", ""10"": ""59.96"", ""11"": ""74.66"", ""12"": ""84.86"", ""13"": ""84.83"", ""14"": ""84.9"", ""15"": ""84.59"", ""2"": ""96.93"", ""3"": ""96.91"", ""4"": ""102.32"", ""5"": ""102.41"", ""6"": ""112.97"", ""7"": ""112.73"", ""8"": ""136.06""}",1100000000,서울시,1168000000,강남구,1168010300,개포동,119219,APT,개포래미안포레스트,37.478448,127.054031,아파트,2296.0,31.0,20200928,74.31,174.19
2433648662,개포래미안포레스트,아파트,매매,고/13,False,"27억 5,000",115A,115.0,84.0,남동향,20240709,"35입,갭투자최적O최고의 커뮤니티시설O호텔식 조중식 제공O판상형","['4년이내', '대단지', '방세개', '화장실두개']",112동,4.0,"27억 5,000",27억,"{""9"": ""49.92"", ""1"": ""59.92"", ""10"": ""59.96"", ""11"": ""74.66"", ""12"": ""84.86"", ""13"": ""84.83"", ""14"": ""84.9"", ""15"": ""84.59"", ""2"": ""96.93"", ""3"": ""96.91"", ""4"": ""102.32"", ""5"": ""102.41"", ""6"": ""112.97"", ""7"": ""112.73"", ""8"": ""136.06""}",1100000000,서울시,1168000000,강남구,1168010300,개포동,119219,APT,개포래미안포레스트,37.478448,127.054031,아파트,2296.0,31.0,20200928,74.31,174.19
2433659749,개포래미안포레스트,아파트,매매,중/34,False,36억,135A,135.0,102.0,남동향,20240709,41 집주인직접의뢰 확실매물 탁트인뷰 채광좋음 명품커뮤니티 협의가능,"['4년이내', '대단지', '대형평수', '방네개이상']",124동,11.0,38억,35억,"{""9"": ""49.92"", ""1"": ""59.92"", ""10"": ""59.96"", ""11"": ""74.66"", ""12"": ""84.86"", ""13"": ""84.83"", ""14"": ""84.9"", ""15"": ""84.59"", ""2"": ""96.93"", ""3"": ""96.91"", ""4"": ""102.32"", ""5"": ""102.41"", ""6"": ""112.97"", ""7"": ""112.73"", ""8"": ""136.06""}",1100000000,서울시,1168000000,강남구,1168010300,개포동,119219,APT,개포래미안포레스트,37.478448,127.054031,아파트,2296.0,31.0,20200928,74.31,174.19
2433648866,개포래미안포레스트,아파트,매매,중/35,False,"33억 5,000",129B,129.0,96.0,남동향,20240709,39실매물관리O금액조정가O최고의 청계산 조망O호텔식 조중식O판상형구조,"['4년이내', '대단지', '방네개이상', '화장실두개']",115동,4.0,34억,33억,"{""9"": ""49.92"", ""1"": ""59.92"", ""10"": ""59.96"", ""11"": ""74.66"", ""12"": ""84.86"", ""13"": ""84.83"", ""14"": ""84.9"", ""15"": ""84.59"", ""2"": ""96.93"", ""3"": ""96.91"", ""4"": ""102.32"", ""5"": ""102.41"", ""6"": ""112.97"", ""7"": ""112.73"", ""8"": ""136.06""}",1100000000,서울시,1168000000,강남구,1168010300,개포동,119219,APT,개포래미안포레스트,37.478448,127.054031,아파트,2296.0,31.0,20200928,74.31,174.19
2433798425,개포래미안포레스트,아파트,전세,중/14,True,13억,115A,115.0,84.0,남동향,20240709,"26.최고급커뮤니티O호텔식조중식O구룡초O달터공원,양재천","['4년이내', '대단지', '방세개', '화장실두개']",105동,2.0,13억,"12억 5,000","{""9"": ""49.92"", ""1"": ""59.92"", ""10"": ""59.96"", ""11"": ""74.66"", ""12"": ""84.86"", ""13"": ""84.83"", ""14"": ""84.9"", ""15"": ""84.59"", ""2"": ""96.93"", ""3"": ""96.91"", ""4"": ""102.32"", ""5"": ""102.41"", ""6"": ""112.97"", ""7"": ""112.73"", ""8"": ""136.06""}",1100000000,서울시,1168000000,강남구,1168010300,개포동,119219,APT,개포래미안포레스트,37.478448,127.054031,아파트,2296.0,31.0,20200928,74.31,174.19
2433666597,개포래미안포레스트,아파트,매매,중/33,False,28억,115B,115.0,84.0,남동향,20240709,"35.트인조망O최고급커뮤니티O호텔식조중식O구룡초O달터공원,양재천","['4년이내', '대단지', '방세개', '화장실두개']",104동,1.0,28억,28억,"{""9"": ""49.92"", ""1"": ""59.92"", ""10"": ""59.96"", ""11"": ""74.66"", ""12"": ""84.86"", ""13"": ""84.83"", ""14"": ""84.9"", ""15"": ""84.59"", ""2"": ""96.93"", ""3"": ""96.91"", ""4"": ""102.32"", ""5"": ""102.41"", ""6"": ""112.97"", ""7"": ""112.73"", ""8"": ""136.06""}",1100000000,서울시,1168000000,강남구,1168010300,개포동,119219,APT,개포래미안포레스트,37.478448,127.054031,아파트,2296.0,31.0,20200928,74.31,174.19
2433730191,개포래미안포레스트,아파트,매매,고/35,False,23억,86B,86.0,59.0,남동향,20240709,26.V.주인직접.강추.입주가.갭투가.대모산뷰.구룡초학군,"['4년이내', '대단지', '방세개', '화장실두개']",114동,3.0,23억,23억,"{""9"": ""49.92"", ""1"": ""59.92"", ""10"": ""59.96"", ""11"": ""74.66"", ""12"": ""84.86"", ""13"": ""84.83"", ""14"": ""84.9"", ""15"": ""84.59"", ""2"": ""96.93"", ""3"": ""96.91"", ""4"": ""102.32"", ""5"": ""102.41"", ""6"": ""112.97"", ""7"": ""112.73"", ""8"": ""136.06""}",1100000000,서울시,1168000000,강남구,1168010300,개포동,119219,APT,개포래미안포레스트,37.478448,127.054031,아파트,2296.0,31.0,20200928,74.31,174.19
2433648349,개포래미안포레스트,아파트,매매,중/20,False,"22억 5,000",86A,86.0,59.0,남동향,20240709,26실매물O구룡산조망O갭투자 최적O호텔식조중식서비스O판상형,"['4년이내', '대단지', '방세개', '화장실두개']",120동,7.0,"23억 5,000",22억,"{""9"": ""49.92"", ""1"": ""59.92"", ""10"": ""59.96"", ""11"": ""74.66"", ""12"": ""84.86"", ""13"": ""84.83"", ""14"": ""84.9"", ""15"": ""84.59"", ""2"": ""96.93"", ""3"": ""96.91"", ""4"": ""102.32"", ""5"": ""102.41"", ""6"": ""112.97"", ""7"": ""112.73"", ""8"": ""136.06""}",1100000000,서울시,1168000000,강남구,1168010300,개포동,119219,APT,개포래미안포레스트,37.478448,127.054031,아파트,2296.0,31.0,20200928,74.31,174.19
2433657556,개포래미안포레스트,아파트,매매,저/22,False,22억,86A,86.0,59.0,남동향,20240709,26 집주인직접의뢰 확실매물 숲세권 명품커뮤니티 조중식 협의가능,"['4년이내', '대단지', '방세개', '화장실두개']",129동,16.0,22억,"19억 5,000","{""9"": ""49.92"", ""1"": ""59.92"", ""10"": ""59.96"", ""11"": ""74.66"", ""12"": ""84.86"", ""13"": ""84.83"", ""14"": ""84.9"", ""15"": ""84.59"", ""2"": ""96.93"", ""3"": ""96.91"", ""4"": ""102.32"", ""5"": ""102.41"", ""6"": ""112.97"", ""7"": ""112.73"", ""8"": ""136.06""}",1100000000,서울시,1168000000,강남구,1168010300,개포동,119219,APT,개포래미안포레스트,37.478448,127.054031,아파트,2296.0,31.0,20200928,74.31,174.19
2433705824,개포래미안포레스트,아파트,매매,고/20,False,28억,115A,115.0,84.0,남동향,20240709,"35. 커뮤니티 인접동. 공원옆  선호동. 숲레스토랑조중식, 강남8학군","['4년이내', '대단지', '방세개', '화장실두개']",120동,4.0,28억,28억,"{""9"": ""49.92"", ""1"": ""59.92"", ""10"": ""59.96"", ""11"": ""74.66"", ""12"": ""84.86"", ""13"": ""84.83"", ""14"": ""84.9"", ""15"": ""84.59"", ""2"": ""96.93"", ""3"": ""96.91"", ""4"": ""102.32"", ""5"": ""102.41"", ""6"": ""112.97"", ""7"": ""112.73"", ""8"": ""136.06""}",1100000000,서울시,1168000000,강남구,1168010300,개포동,119219,APT,개포래미안포레스트,37.478448,127.054031,아파트,2296.0,31.0,20200928,74.31,174.19
2433649162,개포래미안포레스트,아파트,매매,중/34,False,35억,135A,135.0,102.0,남동향,20240709,41실매물O최고의 구룡산 조망O호텔식 조중식 서비스O스파O판상형구조,"['4년이내', '대단지', '대형평수', '방네개이상']",124동,4.0,35억,"34억 5,000","{""9"": ""49.92"", ""1"": ""59.92"", ""10"": ""59.96"", ""11"": ""74.66"", ""12"": ""84.86"", ""13"": ""84.83"", ""14"": ""84.9"", ""15"": ""84.59"", ""2"": ""96.93"", ""3"": ""96.91"", ""4"": ""102.32"", ""5"": ""102.41"", ""6"": ""112.97"", ""7"": ""112.73"", ""8"": ""136.06""}",1100000000,서울시,1168000000,강남구,1168010300,개포동,119219,APT,개포래미안포레스트,37.478448,127.054031,아파트,2296.0,31.0,20200928,74.31,174.19
2433750732,개포래미안포레스트,아파트,전세,중/35,False,10억,86B,86.0,59.0,남서향,20240709,26 추천매물 로얄동로얄층 달터공원인접 커뮤니티이용편리,"['4년이내', '대단지', '방세개', '화장실두개']",114동,1.0,10억,10억,"{""9"": ""49.92"", ""1"": ""59.92"", ""10"": ""59.96"", ""11"": ""74.66"", ""12"": ""84.86"", ""13"": ""84.83"", ""14"": ""84.9"", ""15"": ""84.59"", ""2"": ""96.93"", ""3"": ""96.91"", ""4"": ""102.32"", ""5"": ""102.41"", ""6"": ""112.97"", ""7"": ""112.73"", ""8"": ""136.06""}",1100000000,서울시,1168000000,강남구,1168010300,개포동,119219,APT,개포래미안포레스트,37.478448,127.054031,아파트,2296.0,31.0,20200928,74.31,174.19
2433655565,개포래미안포레스트,아파트,전세,고/14,False,13억,115A,115.0,84.0,남동향,20240709,"35. 전세, 인기동,조중식,키즈카페,하늘도서관,게스트하우스,스카이라운지","['4년이내', '대단지', '방세개', '화장실두개']",105동,4.0,13억,13억,"{""9"": ""49.92"", ""1"": ""59.92"", ""10"": ""59.96"", ""11"": ""74.66"", ""12"": ""84.86"", ""13"": ""84.83"", ""14"": ""84.9"", ""15"": ""84.59"", ""2"": ""96.93"", ""3"": ""96.91"", ""4"": ""102.32"", ""5"": ""102.41"", ""6"": ""112.97"", ""7"": ""112.73"", ""8"": ""136.06""}",1100000000,서울시,1168000000,강남구,1168010300,개포동,119219,APT,개포래미안포레스트,37.478448,127.054031,아파트,2296.0,31.0,20200928,74.31,174.19
2433654598,개포래미안포레스트,아파트,전세,저/33,False,"12억 8,000",115B,115.0,84.0,남동향,20240709,"35.  전세, 주인직접, 호텔식 조중식, 강남그린웨이, 스카이 커뮤니티","['4년이내', '대단지', '방세개', '화장실두개']",104동,2.0,"12억 8,000","12억 8,000","{""9"": ""49.92"", ""1"": ""59.92"", ""10"": ""59.96"", ""11"": ""74.66"", ""12"": ""84.86"", ""13"": ""84.83"", ""14"": ""84.9"", ""15"": ""84.59"", ""2"": ""96.93"", ""3"": ""96.91"", ""4"": ""102.32"", ""5"": ""102.41"", ""6"": ""112.97"", ""7"": ""112.73"", ""8"": ""136.06""}",1100000000,서울시,1168000000,강남구,1168010300,개포동,119219,APT,개포래미안포레스트,37.478448,127.054031,아파트,2296.0,31.0,20200928,74.31,174.19
2433648156,개포래미안포레스트,아파트,매매,고/20,False,"22억 5,000",86A,86.0,59.0,남동향,20240709,26실매물O구룡산조망O갭투자 최적O호텔식조중식서비스O판상형,"['4년이내', '대단지', '방세개', '화장실두개']",120동,3.0,"22억 5,000",22억,"{""9"": ""49.92"", ""1"": ""59.92"", ""10"": ""59.96"", ""11"": ""74.66"", ""12"": ""84.86"", ""13"": ""84.83"", ""14"": ""84.9"", ""15"": ""84.59"", ""2"": ""96.93"", ""3"": ""96.91"", ""4"": ""102.32"", ""5"": ""102.41"", ""6"": ""112.97"", ""7"": ""112.73"", ""8"": ""136.06""}",1100000000,서울시,1168000000,강남구,1168010300,개포동,119219,APT,개포래미안포레스트,37.478448,127.054031,아파트,2296.0,31.0,20200928,74.31,174.19
2433733465,개포래미안포레스트,아파트,매매,중/35,False,27억,115C,115.0,84.0,남서향,20240709,34 O 숲세권아파트 O 탁트인뷰 O 햇볕쩅쩅,"['4년이내', '대단지', '방세개', '화장실두개']",114동,1.0,27억,27억,"{""9"": ""49.92"", ""1"": ""59.92"", ""10"": ""59.96"", ""11"": ""74.66"", ""12"": ""84.86"", ""13"": ""84.83"", ""14"": ""84.9"", ""15"": ""84.59"", ""2"": ""96.93"", ""3"": ""96.91"", ""4"": ""102.32"", ""5"": ""102.41"", ""6"": ""112.97"", ""7"": ""112.73"", ""8"": ""136.06""}",1100000000,서울시,1168000000,강남구,1168010300,개포동,119219,APT,개포래미안포레스트,37.478448,127.054031,아파트,2296.0,31.0,20200928,74.31,174.19
2433722504,개포래미안포레스트,아파트,전세,저/35,False,13억,115C,115.0,84.0,남동향,20240709,35.전세.로얄동.하이엔드커뮤니티.숲세권,"['4년이내', '대단지', '방세개', '화장실두개']",114동,1.0,13억,13억,"{""9"": ""49.92"", ""1"": ""59.92"", ""10"": ""59.96"", ""11"": ""74.66"", ""12"": ""84.86"", ""13"": ""84.83"", ""14"": ""84.9"", ""15"": ""84.59"", ""2"": ""96.93"", ""3"": ""96.91"", ""4"": ""102.32"", ""5"": ""102.41"", ""6"": ""112.97"", ""7"": ""112.73"", ""8"": ""136.06""}",1100000000,서울시,1168000000,강남구,1168010300,개포동,119219,APT,개포래미안포레스트,37.478448,127.054031,아파트,2296.0,31.0,20200928,74.31,174.19
2433669283,개포래미안포레스트,아파트,매매,중/22,False,21억,86A,86.0,59.0,남동향,20240709,"26.트인조망O최고급커뮤니티O호텔식조중식O달터공원,양재천","['4년이내', '대단지', '방세개', '화장실두개']",129동,4.0,22억,21억,"{""9"": ""49.92"", ""1"": ""59.92"", ""10"": ""59.96"", ""11"": ""74.66"", ""12"": ""84.86"", ""13"": ""84.83"", ""14"": ""84.9"", ""15"": ""84.59"", ""2"": ""96.93"", ""3"": ""96.91"", ""4"": ""102.32"", ""5"": ""102.41"", ""6"": ""112.97"", ""7"": ""112.73"", ""8"": ""136.06""}",1100000000,서울시,1168000000,강남구,1168010300,개포동,119219,APT,개포래미안포레스트,37.478448,127.054031,아파트,2296.0,31.0,20200928,74.31,174.19
2433711652,개포래미안포레스트,아파트,전세,저/29,False,10억,86A,86.0,59.0,남동향,20240709,26. 추천. 전세. 프리미엄커뮤니티.호텔식조중식,"['4년이내', '대단지', '방세개', '화장실두개']",118동,2.0,"10억 3,000",10억,"{""9"": ""49.92"", ""1"": ""59.92"", ""10"": ""59.96"", ""11"": ""74.66"", ""12"": ""84.86"", ""13"": ""84.83"", ""14"": ""84.9"", ""15"": ""84.59"", ""2"": ""96.93"", ""3"": ""96.91"", ""4"": ""102.32"", ""5"": ""102.41"", ""6"": ""112.97"", ""7"": ""112.73"", ""8"": ""136.06""}",1100000000,서울시,1168000000,강남구,1168010300,개포동,119219,APT,개포래미안포레스트,37.478448,127.054031,아파트,2296.0,31.0,20200928,74.31,174.19
2433647632,개포래미안포레스트,아파트,매매,고/10,False,28억,115A,115.0,84.0,남동향,20240709,35실매물O갭투자최적O최고의 커뮤니티시설O호텔식 조중식 제공O판상형,"['4년이내', '대단지', '방세개', '화장실두개']",121동,8.0,28억,28억,"{""9"": ""49.92"", ""1"": ""59.92"", ""10"": ""59.96"", ""11"": ""74.66"", ""12"": ""84.86"", ""13"": ""84.83"", ""14"": ""84.9"", ""15"": ""84.59"", ""2"": ""96.93"", ""3"": ""96.91"", ""4"": ""102.32"", ""5"": ""102.41"", ""6"": ""112.97"", ""7"": ""112.73"", ""8"": ""136.06""}",1100000000,서울시,1168000000,강남구,1168010300,개포동,119219,APT,개포래미안포레스트,37.478448,127.054031,아파트,2296.0,31.0,20200928,74.31,174.19
2433639565,개포래미안포레스트,아파트,전세,저/34,False,17억,135A,135.0,102.0,남동향,20240709,41실매물O확실한 구룡산조망O호텔식 조중식 서비스O스파O판상형구조,"['4년이내', '융자금없는', '대단지', '대형평수']",124동,5.0,17억,16억,"{""9"": ""49.92"", ""1"": ""59.92"", ""10"": ""59.96"", ""11"": ""74.66"", ""12"": ""84.86"", ""13"": ""84.83"", ""14"": ""84.9"", ""15"": ""84.59"", ""2"": ""96.93"", ""3"": ""96.91"", ""4"": ""102.32"", ""5"": ""102.41"", ""6"": ""112.97"", ""7"": ""112.73"", ""8"": ""136.06""}",1100000000,서울시,1168000000,강남구,1168010300,개포동,119219,APT,개포래미안포레스트,37.478448,127.054031,아파트,2296.0,31.0,20200928,74.31,174.19
2433647249,개포래미안포레스트,아파트,매매,저/35,False,28억,115B,115.0,84.0,남동향,20240709,35공원옆로얄동호수O갭투자최적O최고의 커뮤니티시설O호텔식 조중식 서비스,"['4년이내', '대단지', '방세개', '화장실두개']",115동,6.0,28억,28억,"{""9"": ""49.92"", ""1"": ""59.92"", ""10"": ""59.96"", ""11"": ""74.66"", ""12"": ""84.86"", ""13"": ""84.83"", ""14"": ""84.9"", ""15"": ""84.59"", ""2"": ""96.93"", ""3"": ""96.91"", ""4"": ""102.32"", ""5"": ""102.41"", ""6"": ""112.97"", ""7"": ""112.73"", ""8"": ""136.06""}",1100000000,서울시,1168000000,강남구,1168010300,개포동,119219,APT,개포래미안포레스트,37.478448,127.054031,아파트,2296.0,31.0,20200928,74.31,174.19
2433639273,개포래미안포레스트,아파트,전세,중/34,False,"15억 5,000",135A,135.0,102.0,남동향,20240709,41실매물O최고의 구룡산조망O호텔식 조중식 서비스O스파O판상형구조,"['4년이내', '융자금없는', '대단지', '대형평수']",124동,4.0,16억,"15억 5,000","{""9"": ""49.92"", ""1"": ""59.92"", ""10"": ""59.96"", ""11"": ""74.66"", ""12"": ""84.86"", ""13"": ""84.83"", ""14"": ""84.9"", ""15"": ""84.59"", ""2"": ""96.93"", ""3"": ""96.91"", ""4"": ""102.32"", ""5"": ""102.41"", ""6"": ""112.97"", ""7"": ""112.73"", ""8"": ""136.06""}",1100000000,서울시,1168000000,강남구,1168010300,개포동,119219,APT,개포래미안포레스트,37.478448,127.054031,아파트,2296.0,31.0,20200928,74.31,174.19
2433643705,개포래미안포레스트,아파트,전세,고/25,False,12억,101,101.0,74.0,남동향,20240709,31 주인직  뷰굿 조중식  달터공원숲세권,"['4년이내', '대단지', '방세개', '화장실두개']",126동,5.0,"13억 5,000",12억,"{""9"": ""49.92"", ""1"": ""59.92"", ""10"": ""59.96"", ""11"": ""74.66"", ""12"": ""84.86"", ""13"": ""84.83"", ""14"": ""84.9"", ""15"": ""84.59"", ""2"": ""96.93"", ""3"": ""96.91"", ""4"": ""102.32"", ""5"": ""102.41"", ""6"": ""112.97"", ""7"": ""112.73"", ""8"": ""136.06""}",1100000000,서울시,1168000000,강남구,1168010300,개포동,119219,APT,개포래미안포레스트,37.478448,127.054031,아파트,2296.0,31.0,20200928,74.31,174.19
2433641771,개포래미안포레스트,아파트,전세,저/33,False,10억,115D,115.0,84.0,남동향,20240709,분리형투룸 풀에어컨  입주협의 ,"['4년이내', '융자금없는', '대단지', '세대분리']",109동,1.0,10억,10억,"{""9"": ""49.92"", ""1"": ""59.92"", ""10"": ""59.96"", ""11"": ""74.66"", ""12"": ""84.86"", ""13"": ""84.83"", ""14"": ""84.9"", ""15"": ""84.59"", ""2"": ""96.93"", ""3"": ""96.91"", ""4"": ""102.32"", ""5"": ""102.41"", ""6"": ""112.97"", ""7"": ""112.73"", ""8"": ""136.06""}",1100000000,서울시,1168000000,강남구,1168010300,개포동,119219,APT,개포래미안포레스트,37.478448,127.054031,아파트,2296.0,31.0,20200928,74.31,174.19
2433641549,개포래미안포레스트,아파트,전세,중/21,False,11억,86A,86.0,59.0,남동향,20240709,26최고의 커뮤니티시설 근거리O넓직한 동간거리O조중식서비스O판상형구조,"['4년이내', '융자금적은', '대단지', '방세개']",127동,2.0,11억,11억,"{""9"": ""49.92"", ""1"": ""59.92"", ""10"": ""59.96"", ""11"": ""74.66"", ""12"": ""84.86"", ""13"": ""84.83"", ""14"": ""84.9"", ""15"": ""84.59"", ""2"": ""96.93"", ""3"": ""96.91"", ""4"": ""102.32"", ""5"": ""102.41"", ""6"": ""112.97"", ""7"": ""112.73"", ""8"": ""136.06""}",1100000000,서울시,1168000000,강남구,1168010300,개포동,119219,APT,개포래미안포레스트,37.478448,127.054031,아파트,2296.0,31.0,20200928,74.31,174.19
2433639209,개포래미안포레스트,아파트,전세,중/35,False,11억,86B,86.0,59.0,남동향,20240709,26최고조망O공원옆 동간거리 넓음O호텔식 조중식 서비스O쾌적한 판상형구조,"['4년이내', '융자금없는', '대단지', '방세개']",114동,6.0,11억,"10억 5,000","{""9"": ""49.92"", ""1"": ""59.92"", ""10"": ""59.96"", ""11"": ""74.66"", ""12"": ""84.86"", ""13"": ""84.83"", ""14"": ""84.9"", ""15"": ""84.59"", ""2"": ""96.93"", ""3"": ""96.91"", ""4"": ""102.32"", ""5"": ""102.41"", ""6"": ""112.97"", ""7"": ""112.73"", ""8"": ""136.06""}",1100000000,서울시,1168000000,강남구,1168010300,개포동,119219,APT,개포래미안포레스트,37.478448,127.054031,아파트,2296.0,31.0,20200928,74.31,174.19
2433476920,개포래미안포레스트,아파트,매매,중/35,False,"22억 5,000",86B,86.0,59.0,남동향,20240708,26.조율가O로얄동로얄층O명품커뮤니티O조중식O구룡초,"['4년이내', '대단지', '방세개', '화장실두개']",114동,1.0,"22억 5,000","22억 5,000","{""9"": ""49.92"", ""1"": ""59.92"", ""10"": ""59.96"", ""11"": ""74.66"", ""12"": ""84.86"", ""13"": ""84.83"", ""14"": ""84.9"", ""15"": ""84.59"", ""2"": ""96.93"", ""3"": ""96.91"", ""4"": ""102.32"", ""5"": ""102.41"", ""6"": ""112.97"", ""7"": ""112.73"", ""8"": ""136.06""}",1100000000,서울시,1168000000,강남구,1168010300,개포동,119219,APT,개포래미안포레스트,37.478448,127.054031,아파트,2296.0,31.0,20200928,74.31,174.19
2433523321,개포래미안포레스트,아파트,전세,저/14,False,"10억 5,000",86A,86.0,59.0,남동향,20240708,26.전세.하이엔드커뮤니티.숲세권,"['4년이내', '대단지', '방세개', '화장실두개']",111동,4.0,11억,"10억 5,000","{""9"": ""49.92"", ""1"": ""59.92"", ""10"": ""59.96"", ""11"": ""74.66"", ""12"": ""84.86"", ""13"": ""84.83"", ""14"": ""84.9"", ""15"": ""84.59"", ""2"": ""96.93"", ""3"": ""96.91"", ""4"": ""102.32"", ""5"": ""102.41"", ""6"": ""112.97"", ""7"": ""112.73"", ""8"": ""136.06""}",1100000000,서울시,1168000000,강남구,1168010300,개포동,119219,APT,개포래미안포레스트,37.478448,127.054031,아파트,2296.0,31.0,20200928,74.31,174.19
2433582403,개포래미안포레스트,아파트,매매,중/33,False,34억,128A,128.0,96.0,남서향,20240708,"39.달터공원,관악산O최고급커뮤니티O조중식O구룡초","['4년이내', '대단지', '방네개이상', '화장실두개']",104동,2.0,34억,34억,"{""9"": ""49.92"", ""1"": ""59.92"", ""10"": ""59.96"", ""11"": ""74.66"", ""12"": ""84.86"", ""13"": ""84.83"", ""14"": ""84.9"", ""15"": ""84.59"", ""2"": ""96.93"", ""3"": ""96.91"", ""4"": ""102.32"", ""5"": ""102.41"", ""6"": ""112.97"", ""7"": ""112.73"", ""8"": ""136.06""}",1100000000,서울시,1168000000,강남구,1168010300,개포동,119219,APT,개포래미안포레스트,37.478448,127.054031,아파트,2296.0,31.0,20200928,74.31,174.19
2433694047,개포래미안포레스트,아파트,전세,중/34,True,"15억 9,000",135A,135.0,102.0,남동향,20240709,41.주인직접 실매물.파노라마뷰최고.명품커뮤니티.숲세권 추천매물,"['4년이내', '대단지', '대형평수', '방네개이상']",124동,1.0,"15억 9,000","15억 9,000","{""9"": ""49.92"", ""1"": ""59.92"", ""10"": ""59.96"", ""11"": ""74.66"", ""12"": ""84.86"", ""13"": ""84.83"", ""14"": ""84.9"", ""15"": ""84.59"", ""2"": ""96.93"", ""3"": ""96.91"", ""4"": ""102.32"", ""5"": ""102.41"", ""6"": ""112.97"", ""7"": ""112.73"", ""8"": ""136.06""}",1100000000,서울시,1168000000,강남구,1168010300,개포동,119219,APT,개포래미안포레스트,37.478448,127.054031,아파트,2296.0,31.0,20200928,74.31,174.19
2433582068,개포래미안포레스트,아파트,전세,고/34,False,17억,149B,149.0,112.0,남동향,20240708,복가득한집 45. 사계절멋진숲뷰O프리미엄커뮤니티O오래거주O,"['4년이내', '대단지', '대형평수', '방네개이상']",119동,6.0,17억,"15억 9,000","{""9"": ""49.92"", ""1"": ""59.92"", ""10"": ""59.96"", ""11"": ""74.66"", ""12"": ""84.86"", ""13"": ""84.83"", ""14"": ""84.9"", ""15"": ""84.59"", ""2"": ""96.93"", ""3"": ""96.91"", ""4"": ""102.32"", ""5"": ""102.41"", ""6"": ""112.97"", ""7"": ""112.73"", ""8"": ""136.06""}",1100000000,서울시,1168000000,강남구,1168010300,개포동,119219,APT,개포래미안포레스트,37.478448,127.054031,아파트,2296.0,31.0,20200928,74.31,174.19
2433545467,개포래미안포레스트,아파트,매매,고/14,False,28억,115A,115.0,84.0,남동향,20240708,"35.최고급커뮤니티O조중식O구룡초O달터공원,양재천","['4년이내', '대단지', '방세개', '화장실두개']",105동,6.0,28억,27억,"{""9"": ""49.92"", ""1"": ""59.92"", ""10"": ""59.96"", ""11"": ""74.66"", ""12"": ""84.86"", ""13"": ""84.83"", ""14"": ""84.9"", ""15"": ""84.59"", ""2"": ""96.93"", ""3"": ""96.91"", ""4"": ""102.32"", ""5"": ""102.41"", ""6"": ""112.97"", ""7"": ""112.73"", ""8"": ""136.06""}",1100000000,서울시,1168000000,강남구,1168010300,개포동,119219,APT,개포래미안포레스트,37.478448,127.054031,아파트,2296.0,31.0,20200928,74.31,174.19
2433815634,개포래미안포레스트,아파트,전세,고/35,False,13억,115B,115.0,84.0,남서향,20240709,34 숲조망. 주인의뢰.융무. 장기거주 가. 어린이집3개소 구룡초배정,"['4년이내', '대단지', '방세개', '화장실두개']",114동,3.0,13억,13억,"{""9"": ""49.92"", ""1"": ""59.92"", ""10"": ""59.96"", ""11"": ""74.66"", ""12"": ""84.86"", ""13"": ""84.83"", ""14"": ""84.9"", ""15"": ""84.59"", ""2"": ""96.93"", ""3"": ""96.91"", ""4"": ""102.32"", ""5"": ""102.41"", ""6"": ""112.97"", ""7"": ""112.73"", ""8"": ""136.06""}",1100000000,서울시,1168000000,강남구,1168010300,개포동,119219,APT,개포래미안포레스트,37.478448,127.054031,아파트,2296.0,31.0,20200928,74.31,174.19
2433460891,개포래미안포레스트,아파트,매매,중/35,False,"28억 5,000",115B,115.0,84.0,남향,20240708,,"['4년이내', '대단지', '방세개', '화장실두개']",115동,8.0,"28억 5,000",28억,"{""9"": ""49.92"", ""1"": ""59.92"", ""10"": ""59.96"", ""11"": ""74.66"", ""12"": ""84.86"", ""13"": ""84.83"", ""14"": ""84.9"", ""15"": ""84.59"", ""2"": ""96.93"", ""3"": ""96.91"", ""4"": ""102.32"", ""5"": ""102.41"", ""6"": ""112.97"", ""7"": ""112.73"", ""8"": ""136.06""}",1100000000,서울시,1168000000,강남구,1168010300,개포동,119219,APT,개포래미안포레스트,37.478448,127.054031,아파트,2296.0,31.0,20200928,74.31,174.19
2433512916,개포래미안포레스트,아파트,매매,고/34,False,40억,135A,135.0,102.0,남동향,20240708,"41  RR 조용한숲세권 달터공원영구조망 호텔식조중식,고품격커뮤니티 ","['4년이내', '대단지', '대형평수', '방네개이상']",124동,1.0,40억,40억,"{""9"": ""49.92"", ""1"": ""59.92"", ""10"": ""59.96"", ""11"": ""74.66"", ""12"": ""84.86"", ""13"": ""84.83"", ""14"": ""84.9"", ""15"": ""84.59"", ""2"": ""96.93"", ""3"": ""96.91"", ""4"": ""102.32"", ""5"": ""102.41"", ""6"": ""112.97"", ""7"": ""112.73"", ""8"": ""136.06""}",1100000000,서울시,1168000000,강남구,1168010300,개포동,119219,APT,개포래미안포레스트,37.478448,127.054031,아파트,2296.0,31.0,20200928,74.31,174.19
2433762445,개포래미안포레스트,아파트,매매,고/34,False,34억,135A,135.0,102.0,남동향,20240709,"41 갭투자, 숲조망, 최고급커뮤니티,조중식","['4년이내', '대단지', '대형평수', '방네개이상']",119동,2.0,38억,34억,"{""9"": ""49.92"", ""1"": ""59.92"", ""10"": ""59.96"", ""11"": ""74.66"", ""12"": ""84.86"", ""13"": ""84.83"", ""14"": ""84.9"", ""15"": ""84.59"", ""2"": ""96.93"", ""3"": ""96.91"", ""4"": ""102.32"", ""5"": ""102.41"", ""6"": ""112.97"", ""7"": ""112.73"", ""8"": ""136.06""}",1100000000,서울시,1168000000,강남구,1168010300,개포동,119219,APT,개포래미안포레스트,37.478448,127.054031,아파트,2296.0,31.0,20200928,74.31,174.19
2433693322,개포래미안포레스트,아파트,전세,고/34,True,"15억 5,000",135A,135.0,102.0,남동향,20240709,41.주인직접 실매물.로얄동.로얄층.명품커뮤니티.숲세권 추천매물,"['4년이내', '융자금적은', '대단지', '대형평수']",119동,1.0,"15억 5,000","15억 5,000","{""9"": ""49.92"", ""1"": ""59.92"", ""10"": ""59.96"", ""11"": ""74.66"", ""12"": ""84.86"", ""13"": ""84.83"", ""14"": ""84.9"", ""15"": ""84.59"", ""2"": ""96.93"", ""3"": ""96.91"", ""4"": ""102.32"", ""5"": ""102.41"", ""6"": ""112.97"", ""7"": ""112.73"", ""8"": ""136.06""}",1100000000,서울시,1168000000,강남구,1168010300,개포동,119219,APT,개포래미안포레스트,37.478448,127.054031,아파트,2296.0,31.0,20200928,74.31,174.19
2433618752,개포래미안포레스트,아파트,매매,저/34,False,37억,135A,135.0,102.0,남동향,20240708,41.주인의뢰.로얄동.로얄층. 사계절 담은 전망 달터공원.조용한동,"['4년이내', '대단지', '대형평수', '방네개이상']",124동,4.0,37억,37억,"{""9"": ""49.92"", ""1"": ""59.92"", ""10"": ""59.96"", ""11"": ""74.66"", ""12"": ""84.86"", ""13"": ""84.83"", ""14"": ""84.9"", ""15"": ""84.59"", ""2"": ""96.93"", ""3"": ""96.91"", ""4"": ""102.32"", ""5"": ""102.41"", ""6"": ""112.97"", ""7"": ""112.73"", ""8"": ""136.06""}",1100000000,서울시,1168000000,강남구,1168010300,개포동,119219,APT,개포래미안포레스트,37.478448,127.054031,아파트,2296.0,31.0,20200928,74.31,174.19
2433433215,개포래미안포레스트,아파트,전세,중/33,False,16억,128A,128.0,96.0,남향,20240708,39.달터공원특조망O최고급커뮤니티O조중식O구룡초,"['4년이내', '대단지', '방네개이상', '화장실두개']",109동,1.0,16억,16억,"{""9"": ""49.92"", ""1"": ""59.92"", ""10"": ""59.96"", ""11"": ""74.66"", ""12"": ""84.86"", ""13"": ""84.83"", ""14"": ""84.9"", ""15"": ""84.59"", ""2"": ""96.93"", ""3"": ""96.91"", ""4"": ""102.32"", ""5"": ""102.41"", ""6"": ""112.97"", ""7"": ""112.73"", ""8"": ""136.06""}",1100000000,서울시,1168000000,강남구,1168010300,개포동,119219,APT,개포래미안포레스트,37.478448,127.054031,아파트,2296.0,31.0,20200928,74.31,174.19
2433424708,개포래미안포레스트,아파트,매매,저/34,False,39억,135A,135.0,102.0,남동향,20240708,41.달터공원조망O최고급커뮤니티O호텔식조중식O숲세권,"['4년이내', '대단지', '대형평수', '방네개이상']",119동,3.0,39억,39억,"{""9"": ""49.92"", ""1"": ""59.92"", ""10"": ""59.96"", ""11"": ""74.66"", ""12"": ""84.86"", ""13"": ""84.83"", ""14"": ""84.9"", ""15"": ""84.59"", ""2"": ""96.93"", ""3"": ""96.91"", ""4"": ""102.32"", ""5"": ""102.41"", ""6"": ""112.97"", ""7"": ""112.73"", ""8"": ""136.06""}",1100000000,서울시,1168000000,강남구,1168010300,개포동,119219,APT,개포래미안포레스트,37.478448,127.054031,아파트,2296.0,31.0,20200928,74.31,174.19
2433419725,개포래미안포레스트,아파트,전세,중/29,False,"12억 5,000",115A,115.0,84.0,남동향,20240708,35.추천매물.전세.프리미엄커뮤니티.호텔식조중식.,"['4년이내', '대단지', '방세개', '화장실두개']",118동,1.0,"12억 5,000","12억 5,000","{""9"": ""49.92"", ""1"": ""59.92"", ""10"": ""59.96"", ""11"": ""74.66"", ""12"": ""84.86"", ""13"": ""84.83"", ""14"": ""84.9"", ""15"": ""84.59"", ""2"": ""96.93"", ""3"": ""96.91"", ""4"": ""102.32"", ""5"": ""102.41"", ""6"": ""112.97"", ""7"": ""112.73"", ""8"": ""136.06""}",1100000000,서울시,1168000000,강남구,1168010300,개포동,119219,APT,개포래미안포레스트,37.478448,127.054031,아파트,2296.0,31.0,20200928,74.31,174.19
2433391496,개포래미안포레스트,아파트,매매,중/33,False,30억,115B,115.0,84.0,남동향,20240708,35 집주인직접의뢰 확실매물 로얄동로얄층 구룡초 명품커뮤니티 협의조정가능,"['4년이내', '대단지', '방세개', '화장실두개']",104동,1.0,30억,30억,"{""9"": ""49.92"", ""1"": ""59.92"", ""10"": ""59.96"", ""11"": ""74.66"", ""12"": ""84.86"", ""13"": ""84.83"", ""14"": ""84.9"", ""15"": ""84.59"", ""2"": ""96.93"", ""3"": ""96.91"", ""4"": ""102.32"", ""5"": ""102.41"", ""6"": ""112.97"", ""7"": ""112.73"", ""8"": ""136.06""}",1100000000,서울시,1168000000,강남구,1168010300,개포동,119219,APT,개포래미안포레스트,37.478448,127.054031,아파트,2296.0,31.0,20200928,74.31,174.19
2433383093,개포래미안포레스트,아파트,매매,고/22,False,"21억 5,000",86A,86.0,59.0,남동향,20240708,26 앞뒤트인뷰 마운틴사계절조망 강남신축급 고급커뮤니티,"['4년이내', '대단지', '방세개', '화장실두개']",129동,9.0,22억,"20억 5,000","{""9"": ""49.92"", ""1"": ""59.92"", ""10"": ""59.96"", ""11"": ""74.66"", ""12"": ""84.86"", ""13"": ""84.83"", ""14"": ""84.9"", ""15"": ""84.59"", ""2"": ""96.93"", ""3"": ""96.91"", ""4"": ""102.32"", ""5"": ""102.41"", ""6"": ""112.97"", ""7"": ""112.73"", ""8"": ""136.06""}",1100000000,서울시,1168000000,강남구,1168010300,개포동,119219,APT,개포래미안포레스트,37.478448,127.054031,아파트,2296.0,31.0,20200928,74.31,174.19
2433361757,개포래미안포레스트,아파트,매매,중/33,False,39억,136B,136.0,102.0,남향,20240707,41 집주인직접의뢰 실입주가능 탁트인공원뷰 명품커뮤니티,"['4년이내', '대단지', '대형평수', '방네개이상']",109동,1.0,39억,39억,"{""9"": ""49.92"", ""1"": ""59.92"", ""10"": ""59.96"", ""11"": ""74.66"", ""12"": ""84.86"", ""13"": ""84.83"", ""14"": ""84.9"", ""15"": ""84.59"", ""2"": ""96.93"", ""3"": ""96.91"", ""4"": ""102.32"", ""5"": ""102.41"", ""6"": ""112.97"", ""7"": ""112.73"", ""8"": ""136.06""}",1100000000,서울시,1168000000,강남구,1168010300,개포동,119219,APT,개포래미안포레스트,37.478448,127.054031,아파트,2296.0,31.0,20200928,74.31,174.19
2433361736,개포래미안포레스트,아파트,매매,중/15,False,23억,86A,86.0,59.0,남동향,20240707,26 집주인직접의뢰 확실매물 협의조정가능 A블록 갭투가능 명품커뮤니티근접,"['4년이내', '대단지', '방세개', '화장실두개']",123동,3.0,23억,21억,"{""9"": ""49.92"", ""1"": ""59.92"", ""10"": ""59.96"", ""11"": ""74.66"", ""12"": ""84.86"", ""13"": ""84.83"", ""14"": ""84.9"", ""15"": ""84.59"", ""2"": ""96.93"", ""3"": ""96.91"", ""4"": ""102.32"", ""5"": ""102.41"", ""6"": ""112.97"", ""7"": ""112.73"", ""8"": ""136.06""}",1100000000,서울시,1168000000,강남구,1168010300,개포동,119219,APT,개포래미안포레스트,37.478448,127.054031,아파트,2296.0,31.0,20200928,74.31,174.19
2433361759,개포래미안포레스트,아파트,매매,고/15,False,23억,86A,86.0,59.0,남동향,20240707,26 집주인직접의뢰 확실매물 탁트인뷰 명품커뮤니티 협의가능,"['4년이내', '대단지', '방세개', '화장실두개']",123동,4.0,23억,20억,"{""9"": ""49.92"", ""1"": ""59.92"", ""10"": ""59.96"", ""11"": ""74.66"", ""12"": ""84.86"", ""13"": ""84.83"", ""14"": ""84.9"", ""15"": ""84.59"", ""2"": ""96.93"", ""3"": ""96.91"", ""4"": ""102.32"", ""5"": ""102.41"", ""6"": ""112.97"", ""7"": ""112.73"", ""8"": ""136.06""}",1100000000,서울시,1168000000,강남구,1168010300,개포동,119219,APT,개포래미안포레스트,37.478448,127.054031,아파트,2296.0,31.0,20200928,74.31,174.19
2433599217,개포래미안포레스트,아파트,매매,저/22,False,22억,86A,86.0,59.0,남동향,20240708,,"['4년이내', '대단지', '방세개', '화장실두개']",129동,2.0,22억,20억,"{""9"": ""49.92"", ""1"": ""59.92"", ""10"": ""59.96"", ""11"": ""74.66"", ""12"": ""84.86"", ""13"": ""84.83"", ""14"": ""84.9"", ""15"": ""84.59"", ""2"": ""96.93"", ""3"": ""96.91"", ""4"": ""102.32"", ""5"": ""102.41"", ""6"": ""112.97"", ""7"": ""112.73"", ""8"": ""136.06""}",1100000000,서울시,1168000000,강남구,1168010300,개포동,119219,APT,개포래미안포레스트,37.478448,127.054031,아파트,2296.0,31.0,20200928,74.31,174.19
2433288927,개포래미안포레스트,아파트,매매,중/22,False,23억,86A,86.0,59.0,남동향,20240706,26 넓은동간격 주차출입편리 자연영구조망 가치상승아파트,"['4년이내', '대단지', '방세개', '화장실두개']",129동,5.0,23억,20억,"{""9"": ""49.92"", ""1"": ""59.92"", ""10"": ""59.96"", ""11"": ""74.66"", ""12"": ""84.86"", ""13"": ""84.83"", ""14"": ""84.9"", ""15"": ""84.59"", ""2"": ""96.93"", ""3"": ""96.91"", ""4"": ""102.32"", ""5"": ""102.41"", ""6"": ""112.97"", ""7"": ""112.73"", ""8"": ""136.06""}",1100000000,서울시,1168000000,강남구,1168010300,개포동,119219,APT,개포래미안포레스트,37.478448,127.054031,아파트,2296.0,31.0,20200928,74.31,174.19
2433243113,개포래미안포레스트,아파트,매매,중/12,False,25억,101,101.0,74.0,남동향,20240706,31실매물O갭투자최적O입주가O선호도 최고의 판상형 구조O호텔식 조중식,"['4년이내', '대단지', '방세개', '화장실두개']",117동,5.0,25억,25억,"{""9"": ""49.92"", ""1"": ""59.92"", ""10"": ""59.96"", ""11"": ""74.66"", ""12"": ""84.86"", ""13"": ""84.83"", ""14"": ""84.9"", ""15"": ""84.59"", ""2"": ""96.93"", ""3"": ""96.91"", ""4"": ""102.32"", ""5"": ""102.41"", ""6"": ""112.97"", ""7"": ""112.73"", ""8"": ""136.06""}",1100000000,서울시,1168000000,강남구,1168010300,개포동,119219,APT,개포래미안포레스트,37.478448,127.054031,아파트,2296.0,31.0,20200928,74.31,174.19
2433306227,개포래미안포레스트,아파트,전세,저/14,False,13억,115A,115.0,84.0,남동향,20240706,34. 주인직. 숲세권살기좋은 아파트. 구룡초. 호텔식조중식,"['4년이내', '대단지', '방세개', '화장실두개']",101동,1.0,13억,13억,"{""9"": ""49.92"", ""1"": ""59.92"", ""10"": ""59.96"", ""11"": ""74.66"", ""12"": ""84.86"", ""13"": ""84.83"", ""14"": ""84.9"", ""15"": ""84.59"", ""2"": ""96.93"", ""3"": ""96.91"", ""4"": ""102.32"", ""5"": ""102.41"", ""6"": ""112.97"", ""7"": ""112.73"", ""8"": ""136.06""}",1100000000,서울시,1168000000,강남구,1168010300,개포동,119219,APT,개포래미안포레스트,37.478448,127.054031,아파트,2296.0,31.0,20200928,74.31,174.19
2433339708,개포래미안포레스트,아파트,매매,중/34,False,40억,149B,149.0,112.0,남동향,20240706,45. 주인의뢰O달터공원뷰O명품커뮤니티O조중식서비스,"['4년이내', '대단지', '대형평수', '방네개이상']",119동,2.0,40억,40억,"{""9"": ""49.92"", ""1"": ""59.92"", ""10"": ""59.96"", ""11"": ""74.66"", ""12"": ""84.86"", ""13"": ""84.83"", ""14"": ""84.9"", ""15"": ""84.59"", ""2"": ""96.93"", ""3"": ""96.91"", ""4"": ""102.32"", ""5"": ""102.41"", ""6"": ""112.97"", ""7"": ""112.73"", ""8"": ""136.06""}",1100000000,서울시,1168000000,강남구,1168010300,개포동,119219,APT,개포래미안포레스트,37.478448,127.054031,아파트,2296.0,31.0,20200928,74.31,174.19
2433327415,개포래미안포레스트,아파트,매매,고/16,False,19억,74,74.0,49.0,남동향,20240706,22 O조율가 O조중식 O숲세권 O골프 스카이라운지 게스트하우스,"['4년이내', '대단지', '방두개', '화장실두개']",102동,8.0,19억,"18억 5,000","{""9"": ""49.92"", ""1"": ""59.92"", ""10"": ""59.96"", ""11"": ""74.66"", ""12"": ""84.86"", ""13"": ""84.83"", ""14"": ""84.9"", ""15"": ""84.59"", ""2"": ""96.93"", ""3"": ""96.91"", ""4"": ""102.32"", ""5"": ""102.41"", ""6"": ""112.97"", ""7"": ""112.73"", ""8"": ""136.06""}",1100000000,서울시,1168000000,강남구,1168010300,개포동,119219,APT,개포래미안포레스트,37.478448,127.054031,아파트,2296.0,31.0,20200928,74.31,174.19
2433335387,개포래미안포레스트,아파트,매매,중/16,False,21억,86A,86.0,59.0,남동향,20240706,26. 구룡초배정O숲속정원뷰O명품커뮤니티O조중식O입주협의,"['4년이내', '대단지', '방세개', '화장실두개']",102동,3.0,22억,21억,"{""9"": ""49.92"", ""1"": ""59.92"", ""10"": ""59.96"", ""11"": ""74.66"", ""12"": ""84.86"", ""13"": ""84.83"", ""14"": ""84.9"", ""15"": ""84.59"", ""2"": ""96.93"", ""3"": ""96.91"", ""4"": ""102.32"", ""5"": ""102.41"", ""6"": ""112.97"", ""7"": ""112.73"", ""8"": ""136.06""}",1100000000,서울시,1168000000,강남구,1168010300,개포동,119219,APT,개포래미안포레스트,37.478448,127.054031,아파트,2296.0,31.0,20200928,74.31,174.19
2433306151,개포래미안포레스트,아파트,매매,저/16,False,"18억 5,000",74,74.0,49.0,남동향,20240706,22P 주인직0 귀한매물0 신혼추천0 강남최고숲세권,"['4년이내', '대단지', '방두개', '화장실두개']",128동,1.0,"18억 5,000","18억 5,000","{""9"": ""49.92"", ""1"": ""59.92"", ""10"": ""59.96"", ""11"": ""74.66"", ""12"": ""84.86"", ""13"": ""84.83"", ""14"": ""84.9"", ""15"": ""84.59"", ""2"": ""96.93"", ""3"": ""96.91"", ""4"": ""102.32"", ""5"": ""102.41"", ""6"": ""112.97"", ""7"": ""112.73"", ""8"": ""136.06""}",1100000000,서울시,1168000000,강남구,1168010300,개포동,119219,APT,개포래미안포레스트,37.478448,127.054031,아파트,2296.0,31.0,20200928,74.31,174.19
2433263933,개포래미안포레스트,아파트,전세,중/34,False,16억,149B,149.0,112.0,남동향,20240706,45실매물O확실한 청계산조망O호텔식 조중식 서비스O공원옆 로얄동호수,"['4년이내', '융자금없는', '대단지', '대형평수']",119동,2.0,16억,16억,"{""9"": ""49.92"", ""1"": ""59.92"", ""10"": ""59.96"", ""11"": ""74.66"", ""12"": ""84.86"", ""13"": ""84.83"", ""14"": ""84.9"", ""15"": ""84.59"", ""2"": ""96.93"", ""3"": ""96.91"", ""4"": ""102.32"", ""5"": ""102.41"", ""6"": ""112.97"", ""7"": ""112.73"", ""8"": ""136.06""}",1100000000,서울시,1168000000,강남구,1168010300,개포동,119219,APT,개포래미안포레스트,37.478448,127.054031,아파트,2296.0,31.0,20200928,74.31,174.19
2433256517,개포래미안포레스트,아파트,매매,중/34,False,42억,148A,148.0,112.0,남동향,20240706,45.V초록달터공원뷰.일조권굿.프리미엄 커뮤니티 연결동.입주및갭투최적,"['4년이내', '대단지', '대형평수', '방네개이상']",119동,2.0,42억,42억,"{""9"": ""49.92"", ""1"": ""59.92"", ""10"": ""59.96"", ""11"": ""74.66"", ""12"": ""84.86"", ""13"": ""84.83"", ""14"": ""84.9"", ""15"": ""84.59"", ""2"": ""96.93"", ""3"": ""96.91"", ""4"": ""102.32"", ""5"": ""102.41"", ""6"": ""112.97"", ""7"": ""112.73"", ""8"": ""136.06""}",1100000000,서울시,1168000000,강남구,1168010300,개포동,119219,APT,개포래미안포레스트,37.478448,127.054031,아파트,2296.0,31.0,20200928,74.31,174.19
2433712848,개포래미안포레스트,아파트,매매,7/13,False,"24억 5,000",101,101.0,74.0,남동향,20240709,"31.예쁜정원조망O최고급커뮤니티O조중식O구룡초O달터공원,양재천","['4년이내', '마당', '대단지', '방세개']",113동,1.0,"24억 5,000","24억 5,000","{""9"": ""49.92"", ""1"": ""59.92"", ""10"": ""59.96"", ""11"": ""74.66"", ""12"": ""84.86"", ""13"": ""84.83"", ""14"": ""84.9"", ""15"": ""84.59"", ""2"": ""96.93"", ""3"": ""96.91"", ""4"": ""102.32"", ""5"": ""102.41"", ""6"": ""112.97"", ""7"": ""112.73"", ""8"": ""136.06""}",1100000000,서울시,1168000000,강남구,1168010300,개포동,119219,APT,개포래미안포레스트,37.478448,127.054031,아파트,2296.0,31.0,20200928,74.31,174.19
2433167773,개포래미안포레스트,아파트,매매,저/34,False,35억,135A,135.0,102.0,남동향,20240705,"41, 구룡산,달터공원, 고급커뮤니티, 조중식서비스","['4년이내', '대단지', '대형평수', '방네개이상']",124동,1.0,35억,35억,"{""9"": ""49.92"", ""1"": ""59.92"", ""10"": ""59.96"", ""11"": ""74.66"", ""12"": ""84.86"", ""13"": ""84.83"", ""14"": ""84.9"", ""15"": ""84.59"", ""2"": ""96.93"", ""3"": ""96.91"", ""4"": ""102.32"", ""5"": ""102.41"", ""6"": ""112.97"", ""7"": ""112.73"", ""8"": ""136.06""}",1100000000,서울시,1168000000,강남구,1168010300,개포동,119219,APT,개포래미안포레스트,37.478448,127.054031,아파트,2296.0,31.0,20200928,74.31,174.19
2433158295,개포래미안포레스트,아파트,전세,중/35,False,11억,86B,86.0,59.0,남동향,20240705,26  RR로얄동층 트인뷰 달터공원 명품커뮤니티 조중식서비스,"['4년이내', '대단지', '방세개', '화장실두개']",114동,1.0,11억,11억,"{""9"": ""49.92"", ""1"": ""59.92"", ""10"": ""59.96"", ""11"": ""74.66"", ""12"": ""84.86"", ""13"": ""84.83"", ""14"": ""84.9"", ""15"": ""84.59"", ""2"": ""96.93"", ""3"": ""96.91"", ""4"": ""102.32"", ""5"": ""102.41"", ""6"": ""112.97"", ""7"": ""112.73"", ""8"": ""136.06""}",1100000000,서울시,1168000000,강남구,1168010300,개포동,119219,APT,개포래미안포레스트,37.478448,127.054031,아파트,2296.0,31.0,20200928,74.31,174.19
2433073114,개포래미안포레스트,아파트,매매,고/35,False,23억,86B,86.0,59.0,남동향,20240705,26 RR 앞뒤막힘없는 뻥뷰 구룡초배정 귀한입주물건,"['4년이내', '대단지', '방세개', '화장실두개']",114동,3.0,23억,23억,"{""9"": ""49.92"", ""1"": ""59.92"", ""10"": ""59.96"", ""11"": ""74.66"", ""12"": ""84.86"", ""13"": ""84.83"", ""14"": ""84.9"", ""15"": ""84.59"", ""2"": ""96.93"", ""3"": ""96.91"", ""4"": ""102.32"", ""5"": ""102.41"", ""6"": ""112.97"", ""7"": ""112.73"", ""8"": ""136.06""}",1100000000,서울시,1168000000,강남구,1168010300,개포동,119219,APT,개포래미안포레스트,37.478448,127.054031,아파트,2296.0,31.0,20200928,74.31,174.19
2432987472,개포래미안포레스트,아파트,매매,10/14,False,21억,86A,86.0,59.0,남동향,20240705,26 O조율가 O조중식 O숲세권 O골프 스카이라운지 게스트하우스,"['4년이내', '대단지', '방세개', '화장실두개']",101동,7.0,21억,20억,"{""9"": ""49.92"", ""1"": ""59.92"", ""10"": ""59.96"", ""11"": ""74.66"", ""12"": ""84.86"", ""13"": ""84.83"", ""14"": ""84.9"", ""15"": ""84.59"", ""2"": ""96.93"", ""3"": ""96.91"", ""4"": ""102.32"", ""5"": ""102.41"", ""6"": ""112.97"", ""7"": ""112.73"", ""8"": ""136.06""}",1100000000,서울시,1168000000,강남구,1168010300,개포동,119219,APT,개포래미안포레스트,37.478448,127.054031,아파트,2296.0,31.0,20200928,74.31,174.19
2432733641,개포래미안포레스트,아파트,전세,중/33,False,17억,136B,136.0,102.0,남서향,20240704,"41,구룡초배정, 달터공원, 명품커뮤니티, 조중식","['4년이내', '대단지', '대형평수', '방네개이상']",109동,1.0,17억,17억,"{""9"": ""49.92"", ""1"": ""59.92"", ""10"": ""59.96"", ""11"": ""74.66"", ""12"": ""84.86"", ""13"": ""84.83"", ""14"": ""84.9"", ""15"": ""84.59"", ""2"": ""96.93"", ""3"": ""96.91"", ""4"": ""102.32"", ""5"": ""102.41"", ""6"": ""112.97"", ""7"": ""112.73"", ""8"": ""136.06""}",1100000000,서울시,1168000000,강남구,1168010300,개포동,119219,APT,개포래미안포레스트,37.478448,127.054031,아파트,2296.0,31.0,20200928,74.31,174.19
2432992255,개포래미안포레스트,아파트,매매,고/19,True,"21억 3,000",86A,86.0,59.0,남동향,20240704,26.주인직접의뢰O갭투자O조율가능O탑층O고품격커뮤니티,"['4년이내', '대단지', '방세개', '화장실두개']",130동,3.0,"21억 3,000","19억 7,000","{""9"": ""49.92"", ""1"": ""59.92"", ""10"": ""59.96"", ""11"": ""74.66"", ""12"": ""84.86"", ""13"": ""84.83"", ""14"": ""84.9"", ""15"": ""84.59"", ""2"": ""96.93"", ""3"": ""96.91"", ""4"": ""102.32"", ""5"": ""102.41"", ""6"": ""112.97"", ""7"": ""112.73"", ""8"": ""136.06""}",1100000000,서울시,1168000000,강남구,1168010300,개포동,119219,APT,개포래미안포레스트,37.478448,127.054031,아파트,2296.0,31.0,20200928,74.31,174.19
2432780286,개포래미안포레스트,아파트,매매,중/33,False,29억,115B,115.0,84.0,남동향,20240704,"35. 숲과 달터공원 양재천으로 연결되는 산책로, 신세계 조중식 서비스","['4년이내', '대단지', '방세개', '화장실두개']",104동,3.0,29억,29억,"{""9"": ""49.92"", ""1"": ""59.92"", ""10"": ""59.96"", ""11"": ""74.66"", ""12"": ""84.86"", ""13"": ""84.83"", ""14"": ""84.9"", ""15"": ""84.59"", ""2"": ""96.93"", ""3"": ""96.91"", ""4"": ""102.32"", ""5"": ""102.41"", ""6"": ""112.97"", ""7"": ""112.73"", ""8"": ""136.06""}",1100000000,서울시,1168000000,강남구,1168010300,개포동,119219,APT,개포래미안포레스트,37.478448,127.054031,아파트,2296.0,31.0,20200928,74.31,174.19
2432925968,개포래미안포레스트,아파트,전세,중/15,False,10억,86A,86.0,59.0,남동향,20240704,26.전세.프리미엄커뮤니티.호텔식조중식,"['4년이내', '대단지', '방세개', '화장실두개']",123동,1.0,10억,10억,"{""9"": ""49.92"", ""1"": ""59.92"", ""10"": ""59.96"", ""11"": ""74.66"", ""12"": ""84.86"", ""13"": ""84.83"", ""14"": ""84.9"", ""15"": ""84.59"", ""2"": ""96.93"", ""3"": ""96.91"", ""4"": ""102.32"", ""5"": ""102.41"", ""6"": ""112.97"", ""7"": ""112.73"", ""8"": ""136.06""}",1100000000,서울시,1168000000,강남구,1168010300,개포동,119219,APT,개포래미안포레스트,37.478448,127.054031,아파트,2296.0,31.0,20200928,74.31,174.19
2432945814,개포래미안포레스트,아파트,전세,고/20,False,10억,86A,86.0,59.0,남동향,20240704,복가득한집 26. 프리미엄커뮤니티O달터공원O조중식O,"['4년이내', '융자금없는', '대단지', '방세개']",120동,1.0,10억,10억,"{""9"": ""49.92"", ""1"": ""59.92"", ""10"": ""59.96"", ""11"": ""74.66"", ""12"": ""84.86"", ""13"": ""84.83"", ""14"": ""84.9"", ""15"": ""84.59"", ""2"": ""96.93"", ""3"": ""96.91"", ""4"": ""102.32"", ""5"": ""102.41"", ""6"": ""112.97"", ""7"": ""112.73"", ""8"": ""136.06""}",1100000000,서울시,1168000000,강남구,1168010300,개포동,119219,APT,개포래미안포레스트,37.478448,127.054031,아파트,2296.0,31.0,20200928,74.31,174.19
2433753033,개포래미안포레스트,아파트,매매,3/34,False,32억,135A,135.0,102.0,남향,20240709,41형 풀옵션이고 깨끗합니다 커뮤니티센터와 달터공원 구민체육관 바로옆동,"['4년이내', '대단지', '대형평수', '방네개이상']",119동,2.0,32억,32억,"{""9"": ""49.92"", ""1"": ""59.92"", ""10"": ""59.96"", ""11"": ""74.66"", ""12"": ""84.86"", ""13"": ""84.83"", ""14"": ""84.9"", ""15"": ""84.59"", ""2"": ""96.93"", ""3"": ""96.91"", ""4"": ""102.32"", ""5"": ""102.41"", ""6"": ""112.97"", ""7"": ""112.73"", ""8"": ""136.06""}",1100000000,서울시,1168000000,강남구,1168010300,개포동,119219,APT,개포래미안포레스트,37.478448,127.054031,아파트,2296.0,31.0,20200928,74.31,174.19
2432776986,개포래미안포레스트,아파트,매매,고/18,False,22억,86A,86.0,59.0,남동향,20240704,"26 커리큘럼좋은구룡초, 정원뷰 , 신세계조중식서비스, 달터공원과 양재천","['4년이내', '대단지', '방세개', '화장실두개']",103동,1.0,22억,22억,"{""9"": ""49.92"", ""1"": ""59.92"", ""10"": ""59.96"", ""11"": ""74.66"", ""12"": ""84.86"", ""13"": ""84.83"", ""14"": ""84.9"", ""15"": ""84.59"", ""2"": ""96.93"", ""3"": ""96.91"", ""4"": ""102.32"", ""5"": ""102.41"", ""6"": ""112.97"", ""7"": ""112.73"", ""8"": ""136.06""}",1100000000,서울시,1168000000,강남구,1168010300,개포동,119219,APT,개포래미안포레스트,37.478448,127.054031,아파트,2296.0,31.0,20200928,74.31,174.19
2433705905,개포래미안포레스트,아파트,매매,3/15,False,"22억 5,000",86A,86.0,59.0,남동향,20240709,26 주인직접 달터공원 구룡초배정 고급커뮤니티,"['4년이내', '대단지', '방세개', '화장실두개']",108동,1.0,"22억 5,000","22억 5,000","{""9"": ""49.92"", ""1"": ""59.92"", ""10"": ""59.96"", ""11"": ""74.66"", ""12"": ""84.86"", ""13"": ""84.83"", ""14"": ""84.9"", ""15"": ""84.59"", ""2"": ""96.93"", ""3"": ""96.91"", ""4"": ""102.32"", ""5"": ""102.41"", ""6"": ""112.97"", ""7"": ""112.73"", ""8"": ""136.06""}",1100000000,서울시,1168000000,강남구,1168010300,개포동,119219,APT,개포래미안포레스트,37.478448,127.054031,아파트,2296.0,31.0,20200928,74.31,174.19
2433098552,개포래미안포레스트,아파트,전세,고/34,False,16억,148A,148.0,112.0,남동향,20240705,45 막힘없는 뷰 판상형 풀옵션 햇살가득 밝은집,"['4년이내', '융자금없는', '대단지', '대형평수']",119동,1.0,16억,16억,"{""9"": ""49.92"", ""1"": ""59.92"", ""10"": ""59.96"", ""11"": ""74.66"", ""12"": ""84.86"", ""13"": ""84.83"", ""14"": ""84.9"", ""15"": ""84.59"", ""2"": ""96.93"", ""3"": ""96.91"", ""4"": ""102.32"", ""5"": ""102.41"", ""6"": ""112.97"", ""7"": ""112.73"", ""8"": ""136.06""}",1100000000,서울시,1168000000,강남구,1168010300,개포동,119219,APT,개포래미안포레스트,37.478448,127.054031,아파트,2296.0,31.0,20200928,74.31,174.19
2433008802,개포래미안포레스트,아파트,전세,고/34,False,16억,135A,135.0,102.0,남동향,20240705,41 입주가능. 숲조망에  밝고 화사한 집. 구조굿. 신세계조중식,"['4년이내', '융자금없는', '대단지', '대형평수']",124동,1.0,16억,16억,"{""9"": ""49.92"", ""1"": ""59.92"", ""10"": ""59.96"", ""11"": ""74.66"", ""12"": ""84.86"", ""13"": ""84.83"", ""14"": ""84.9"", ""15"": ""84.59"", ""2"": ""96.93"", ""3"": ""96.91"", ""4"": ""102.32"", ""5"": ""102.41"", ""6"": ""112.97"", ""7"": ""112.73"", ""8"": ""136.06""}",1100000000,서울시,1168000000,강남구,1168010300,개포동,119219,APT,개포래미안포레스트,37.478448,127.054031,아파트,2296.0,31.0,20200928,74.31,174.19
2432816694,개포래미안포레스트,아파트,매매,고/15,False,23억,86A,86.0,59.0,남동향,20240704,26갭투최적O숲속 최고의 로얄동호수O호텔식조중식서비스O쾌적한판상형구조,"['4년이내', '대단지', '방세개', '화장실두개']",108동,1.0,23억,23억,"{""9"": ""49.92"", ""1"": ""59.92"", ""10"": ""59.96"", ""11"": ""74.66"", ""12"": ""84.86"", ""13"": ""84.83"", ""14"": ""84.9"", ""15"": ""84.59"", ""2"": ""96.93"", ""3"": ""96.91"", ""4"": ""102.32"", ""5"": ""102.41"", ""6"": ""112.97"", ""7"": ""112.73"", ""8"": ""136.06""}",1100000000,서울시,1168000000,강남구,1168010300,개포동,119219,APT,개포래미안포레스트,37.478448,127.054031,아파트,2296.0,31.0,20200928,74.31,174.19
2433733958,개포래미안포레스트,아파트,매매,저/35,False,33억,128A,128.0,96.0,남서향,20240709,"로얄동,층. 공원뷰. 달터공원 대모산 양재천 숲세권. 고급커뮤니티.","['4년이내', '대단지', '방네개이상', '화장실두개']",115동,1.0,33억,33억,"{""9"": ""49.92"", ""1"": ""59.92"", ""10"": ""59.96"", ""11"": ""74.66"", ""12"": ""84.86"", ""13"": ""84.83"", ""14"": ""84.9"", ""15"": ""84.59"", ""2"": ""96.93"", ""3"": ""96.91"", ""4"": ""102.32"", ""5"": ""102.41"", ""6"": ""112.97"", ""7"": ""112.73"", ""8"": ""136.06""}",1100000000,서울시,1168000000,강남구,1168010300,개포동,119219,APT,개포래미안포레스트,37.478448,127.054031,아파트,2296.0,31.0,20200928,74.31,174.19
2432735122,개포래미안포레스트,아파트,매매,중/14,False,22억,86A,86.0,59.0,남향,20240704,"26  상권 이용 편리한 동,초등학교 맞은편,  조중식 서비스","['4년이내', '대단지', '방세개', '화장실두개']",101동,2.0,22억,22억,"{""9"": ""49.92"", ""1"": ""59.92"", ""10"": ""59.96"", ""11"": ""74.66"", ""12"": ""84.86"", ""13"": ""84.83"", ""14"": ""84.9"", ""15"": ""84.59"", ""2"": ""96.93"", ""3"": ""96.91"", ""4"": ""102.32"", ""5"": ""102.41"", ""6"": ""112.97"", ""7"": ""112.73"", ""8"": ""136.06""}",1100000000,서울시,1168000000,강남구,1168010300,개포동,119219,APT,개포래미안포레스트,37.478448,127.054031,아파트,2296.0,31.0,20200928,74.31,174.19
2433552798,개포래미안포레스트,아파트,매매,20/35,False,"26억 5,000",115B,115.0,84.0,남향,20240708,34  주인직O 구룡초O 앞동으로 선호도 좋아요,"['4년이내', '대단지', '방세개', '화장실두개']",114동,2.0,"26억 5,000","26억 4,000","{""9"": ""49.92"", ""1"": ""59.92"", ""10"": ""59.96"", ""11"": ""74.66"", ""12"": ""84.86"", ""13"": ""84.83"", ""14"": ""84.9"", ""15"": ""84.59"", ""2"": ""96.93"", ""3"": ""96.91"", ""4"": ""102.32"", ""5"": ""102.41"", ""6"": ""112.97"", ""7"": ""112.73"", ""8"": ""136.06""}",1100000000,서울시,1168000000,강남구,1168010300,개포동,119219,APT,개포래미안포레스트,37.478448,127.054031,아파트,2296.0,31.0,20200928,74.31,174.19
2432577876,개포래미안포레스트,아파트,매매,저/33,False,27억,115B,115.0,84.0,남동향,20240703,"35.최고급커뮤니티O호텔식조중식O구룡초O달터공원,양재천","['4년이내', '대단지', '방세개', '화장실두개']",104동,1.0,27억,27억,"{""9"": ""49.92"", ""1"": ""59.92"", ""10"": ""59.96"", ""11"": ""74.66"", ""12"": ""84.86"", ""13"": ""84.83"", ""14"": ""84.9"", ""15"": ""84.59"", ""2"": ""96.93"", ""3"": ""96.91"", ""4"": ""102.32"", ""5"": ""102.41"", ""6"": ""112.97"", ""7"": ""112.73"", ""8"": ""136.06""}",1100000000,서울시,1168000000,강남구,1168010300,개포동,119219,APT,개포래미안포레스트,37.478448,127.054031,아파트,2296.0,31.0,20200928,74.31,174.19
2432645712,개포래미안포레스트,아파트,매매,중/15,False,"22억 5,000",86A,86.0,59.0,남동향,20240703,"26. 숲과 쾌적한 공기의 인기동, 대모산뷰와  정갈한 식사서비스까지","['4년이내', '대단지', '방세개', '화장실두개']",108동,1.0,"22억 5,000","22억 5,000","{""9"": ""49.92"", ""1"": ""59.92"", ""10"": ""59.96"", ""11"": ""74.66"", ""12"": ""84.86"", ""13"": ""84.83"", ""14"": ""84.9"", ""15"": ""84.59"", ""2"": ""96.93"", ""3"": ""96.91"", ""4"": ""102.32"", ""5"": ""102.41"", ""6"": ""112.97"", ""7"": ""112.73"", ""8"": ""136.06""}",1100000000,서울시,1168000000,강남구,1168010300,개포동,119219,APT,개포래미안포레스트,37.478448,127.054031,아파트,2296.0,31.0,20200928,74.31,174.19
2432897730,개포래미안포레스트,아파트,매매,고/20,False,28억,115A,115.0,84.0,남동향,20240704,34 풀에어컨 .구룡산뷰. 장기거주가.빠른입주가능  남동향 일조권,"['4년이내', '대단지', '방세개', '화장실두개']",120동,1.0,28억,28억,"{""9"": ""49.92"", ""1"": ""59.92"", ""10"": ""59.96"", ""11"": ""74.66"", ""12"": ""84.86"", ""13"": ""84.83"", ""14"": ""84.9"", ""15"": ""84.59"", ""2"": ""96.93"", ""3"": ""96.91"", ""4"": ""102.32"", ""5"": ""102.41"", ""6"": ""112.97"", ""7"": ""112.73"", ""8"": ""136.06""}",1100000000,서울시,1168000000,강남구,1168010300,개포동,119219,APT,개포래미안포레스트,37.478448,127.054031,아파트,2296.0,31.0,20200928,74.31,174.19
2432572451,개포래미안포레스트,아파트,매매,중/34,False,40억,149B,149.0,112.0,남향,20240703,45 집주인직접의뢰 확실매물 탁트인뷰 로얄동로얄층 명품커뮤니티 협의가능,"['4년이내', '대단지', '대형평수', '방네개이상']",119동,3.0,40억,40억,"{""9"": ""49.92"", ""1"": ""59.92"", ""10"": ""59.96"", ""11"": ""74.66"", ""12"": ""84.86"", ""13"": ""84.83"", ""14"": ""84.9"", ""15"": ""84.59"", ""2"": ""96.93"", ""3"": ""96.91"", ""4"": ""102.32"", ""5"": ""102.41"", ""6"": ""112.97"", ""7"": ""112.73"", ""8"": ""136.06""}",1100000000,서울시,1168000000,강남구,1168010300,개포동,119219,APT,개포래미안포레스트,37.478448,127.054031,아파트,2296.0,31.0,20200928,74.31,174.19
2432742048,개포래미안포레스트,아파트,전세,고/29,False,13억,115A,115.0,84.0,남동향,20240703,35 숲뷰. 주인의뢰.융무.풀에어컨.신세계푸드조중식서비스.,"['4년이내', '대단지', '방세개', '화장실두개']",118동,2.0,13억,13억,"{""9"": ""49.92"", ""1"": ""59.92"", ""10"": ""59.96"", ""11"": ""74.66"", ""12"": ""84.86"", ""13"": ""84.83"", ""14"": ""84.9"", ""15"": ""84.59"", ""2"": ""96.93"", ""3"": ""96.91"", ""4"": ""102.32"", ""5"": ""102.41"", ""6"": ""112.97"", ""7"": ""112.73"", ""8"": ""136.06""}",1100000000,서울시,1168000000,강남구,1168010300,개포동,119219,APT,개포래미안포레스트,37.478448,127.054031,아파트,2296.0,31.0,20200928,74.31,174.19
2432688697,개포래미안포레스트,아파트,매매,저/21,False,20억,86A,86.0,59.0,남향,20240703,25 입주가능 협의 잘 만들어 볼께요,"['4년이내', '대단지', '방세개', '화장실두개']",127동,2.0,20억,20억,"{""9"": ""49.92"", ""1"": ""59.92"", ""10"": ""59.96"", ""11"": ""74.66"", ""12"": ""84.86"", ""13"": ""84.83"", ""14"": ""84.9"", ""15"": ""84.59"", ""2"": ""96.93"", ""3"": ""96.91"", ""4"": ""102.32"", ""5"": ""102.41"", ""6"": ""112.97"", ""7"": ""112.73"", ""8"": ""136.06""}",1100000000,서울시,1168000000,강남구,1168010300,개포동,119219,APT,개포래미안포레스트,37.478448,127.054031,아파트,2296.0,31.0,20200928,74.31,174.19
2433717252,개포래미안포레스트,아파트,전세,중/34,False,15억,135A,135.0,102.0,남동향,20240709,41 주인직O달터공원정원뷰O오래거주가능  스카이라운지 골프 좋아요,"['4년이내', '융자금없는', '대단지', '대형평수']",124동,1.0,15억,15억,"{""9"": ""49.92"", ""1"": ""59.92"", ""10"": ""59.96"", ""11"": ""74.66"", ""12"": ""84.86"", ""13"": ""84.83"", ""14"": ""84.9"", ""15"": ""84.59"", ""2"": ""96.93"", ""3"": ""96.91"", ""4"": ""102.32"", ""5"": ""102.41"", ""6"": ""112.97"", ""7"": ""112.73"", ""8"": ""136.06""}",1100000000,서울시,1168000000,강남구,1168010300,개포동,119219,APT,개포래미안포레스트,37.478448,127.054031,아파트,2296.0,31.0,20200928,74.31,174.19
2433622508,개포래미안포레스트,아파트,매매,중/22,False,22억,86A,86.0,59.0,남동향,20240709,26 O조율가 O조중식 O숲세권 O골프 스카이라운지 게스트하우스,"['4년이내', '대단지', '방세개', '화장실두개']",129동,1.0,22억,22억,"{""9"": ""49.92"", ""1"": ""59.92"", ""10"": ""59.96"", ""11"": ""74.66"", ""12"": ""84.86"", ""13"": ""84.83"", ""14"": ""84.9"", ""15"": ""84.59"", ""2"": ""96.93"", ""3"": ""96.91"", ""4"": ""102.32"", ""5"": ""102.41"", ""6"": ""112.97"", ""7"": ""112.73"", ""8"": ""136.06""}",1100000000,서울시,1168000000,강남구,1168010300,개포동,119219,APT,개포래미안포레스트,37.478448,127.054031,아파트,2296.0,31.0,20200928,74.31,174.19
2432371836,개포래미안포레스트,아파트,매매,고/15,False,23억,86A,86.0,59.0,남동향,20240702,26 집주인직접의뢰 확실매물 협의조정가능 A블록 갭투가능 명품커뮤니티근접,"['4년이내', '대단지', '방세개', '화장실두개']",123동,3.0,23억,21억,"{""9"": ""49.92"", ""1"": ""59.92"", ""10"": ""59.96"", ""11"": ""74.66"", ""12"": ""84.86"", ""13"": ""84.83"", ""14"": ""84.9"", ""15"": ""84.59"", ""2"": ""96.93"", ""3"": ""96.91"", ""4"": ""102.32"", ""5"": ""102.41"", ""6"": ""112.97"", ""7"": ""112.73"", ""8"": ""136.06""}",1100000000,서울시,1168000000,강남구,1168010300,개포동,119219,APT,개포래미안포레스트,37.478448,127.054031,아파트,2296.0,31.0,20200928,74.31,174.19
2432436697,개포래미안포레스트,아파트,매매,중/35,False,30억,115B,115.0,84.0,남동향,20240702,35 소유주 직접  명품커뮤니티 커뮤니티 연결동  조중식 서비스,"['4년이내', '대단지', '방세개', '화장실두개']",115동,1.0,30억,30억,"{""9"": ""49.92"", ""1"": ""59.92"", ""10"": ""59.96"", ""11"": ""74.66"", ""12"": ""84.86"", ""13"": ""84.83"", ""14"": ""84.9"", ""15"": ""84.59"", ""2"": ""96.93"", ""3"": ""96.91"", ""4"": ""102.32"", ""5"": ""102.41"", ""6"": ""112.97"", ""7"": ""112.73"", ""8"": ""136.06""}",1100000000,서울시,1168000000,강남구,1168010300,개포동,119219,APT,개포래미안포레스트,37.478448,127.054031,아파트,2296.0,31.0,20200928,74.31,174.19
2432742709,개포래미안포레스트,아파트,매매,고/34,False,40억,135A,135.0,102.0,남동향,20240703,41 주인의뢰. 풀인테리어.입주가.채광굿. 어린이집3개소. 조중식서비스,"['4년이내', '대단지', '대형평수', '방네개이상']",119동,2.0,40억,39억,"{""9"": ""49.92"", ""1"": ""59.92"", ""10"": ""59.96"", ""11"": ""74.66"", ""12"": ""84.86"", ""13"": ""84.83"", ""14"": ""84.9"", ""15"": ""84.59"", ""2"": ""96.93"", ""3"": ""96.91"", ""4"": ""102.32"", ""5"": ""102.41"", ""6"": ""112.97"", ""7"": ""112.73"", ""8"": ""136.06""}",1100000000,서울시,1168000000,강남구,1168010300,개포동,119219,APT,개포래미안포레스트,37.478448,127.054031,아파트,2296.0,31.0,20200928,74.31,174.19
2432313681,개포래미안포레스트,아파트,매매,중/15,False,"27억 5,000",115A,115.0,84.0,남동향,20240702,"35,학세권,프리미엄커뮤니티,맘스라운지,하늘도서관,신세계조중식","['4년이내', '대단지', '방세개', '화장실두개']",131동,1.0,"27억 5,000","27억 5,000","{""9"": ""49.92"", ""1"": ""59.92"", ""10"": ""59.96"", ""11"": ""74.66"", ""12"": ""84.86"", ""13"": ""84.83"", ""14"": ""84.9"", ""15"": ""84.59"", ""2"": ""96.93"", ""3"": ""96.91"", ""4"": ""102.32"", ""5"": ""102.41"", ""6"": ""112.97"", ""7"": ""112.73"", ""8"": ""136.06""}",1100000000,서울시,1168000000,강남구,1168010300,개포동,119219,APT,개포래미안포레스트,37.478448,127.054031,아파트,2296.0,31.0,20200928,74.31,174.19
2432077220,개포래미안포레스트,아파트,전세,중/22,False,"9억 8,000",86A,86.0,59.0,남동향,20240701,"26. 전세, 주인직접, 입주협의, 에풀, 달터공원, 조중식, 양재천연결","['4년이내', '대단지', '방세개', '화장실두개']",129동,2.0,"9억 8,000","9억 8,000","{""9"": ""49.92"", ""1"": ""59.92"", ""10"": ""59.96"", ""11"": ""74.66"", ""12"": ""84.86"", ""13"": ""84.83"", ""14"": ""84.9"", ""15"": ""84.59"", ""2"": ""96.93"", ""3"": ""96.91"", ""4"": ""102.32"", ""5"": ""102.41"", ""6"": ""112.97"", ""7"": ""112.73"", ""8"": ""136.06""}",1100000000,서울시,1168000000,강남구,1168010300,개포동,119219,APT,개포래미안포레스트,37.478448,127.054031,아파트,2296.0,31.0,20200928,74.31,174.19
2433268295,개포래미안포레스트,아파트,전세,중/21,False,"9억 7,000",86A,86.0,59.0,남동향,20240708,26. 조중식 스카이라운지까페  달터공원산책로.명품커뮤니티좋아요,"['4년이내', '융자금없는', '대단지', '방세개']",127동,1.0,"9억 7,000","9억 7,000","{""9"": ""49.92"", ""1"": ""59.92"", ""10"": ""59.96"", ""11"": ""74.66"", ""12"": ""84.86"", ""13"": ""84.83"", ""14"": ""84.9"", ""15"": ""84.59"", ""2"": ""96.93"", ""3"": ""96.91"", ""4"": ""102.32"", ""5"": ""102.41"", ""6"": ""112.97"", ""7"": ""112.73"", ""8"": ""136.06""}",1100000000,서울시,1168000000,강남구,1168010300,개포동,119219,APT,개포래미안포레스트,37.478448,127.054031,아파트,2296.0,31.0,20200928,74.31,174.19
2432487620,개포래미안포레스트,아파트,매매,중/33,False,"26억 5,000",115D,115.0,84.0,남향,20240702,매매 thi  뷰 좋은집 thi  입주는 협의,"['4년이내', '대단지', '방세개', '화장실두개']",109동,2.0,27억,"26억 5,000","{""9"": ""49.92"", ""1"": ""59.92"", ""10"": ""59.96"", ""11"": ""74.66"", ""12"": ""84.86"", ""13"": ""84.83"", ""14"": ""84.9"", ""15"": ""84.59"", ""2"": ""96.93"", ""3"": ""96.91"", ""4"": ""102.32"", ""5"": ""102.41"", ""6"": ""112.97"", ""7"": ""112.73"", ""8"": ""136.06""}",1100000000,서울시,1168000000,강남구,1168010300,개포동,119219,APT,개포래미안포레스트,37.478448,127.054031,아파트,2296.0,31.0,20200928,74.31,174.19
2433713819,개포래미안포레스트,아파트,전세,고/15,False,10억,86A,86.0,59.0,남동향,20240709,26  풀에어컨 조중식서비스 최고급커뮤니티 달터근린공원,"['4년이내', '융자금없는', '대단지', '방세개']",123동,1.0,10억,10억,"{""9"": ""49.92"", ""1"": ""59.92"", ""10"": ""59.96"", ""11"": ""74.66"", ""12"": ""84.86"", ""13"": ""84.83"", ""14"": ""84.9"", ""15"": ""84.59"", ""2"": ""96.93"", ""3"": ""96.91"", ""4"": ""102.32"", ""5"": ""102.41"", ""6"": ""112.97"", ""7"": ""112.73"", ""8"": ""136.06""}",1100000000,서울시,1168000000,강남구,1168010300,개포동,119219,APT,개포래미안포레스트,37.478448,127.054031,아파트,2296.0,31.0,20200928,74.31,174.19
2433567049,개포래미안포레스트,아파트,매매,중/34,False,"40억 9,000",174,174.0,136.0,남서향,20240708,52 숲세권 O조율가 O조중식 O숲세권 O골프 스카이라운지 게스트하우스,"['4년이내', '대단지', '대형평수', '방네개이상']",124동,1.0,"40억 9,000","40억 9,000","{""9"": ""49.92"", ""1"": ""59.92"", ""10"": ""59.96"", ""11"": ""74.66"", ""12"": ""84.86"", ""13"": ""84.83"", ""14"": ""84.9"", ""15"": ""84.59"", ""2"": ""96.93"", ""3"": ""96.91"", ""4"": ""102.32"", ""5"": ""102.41"", ""6"": ""112.97"", ""7"": ""112.73"", ""8"": ""136.06""}",1100000000,서울시,1168000000,강남구,1168010300,개포동,119219,APT,개포래미안포레스트,37.478448,127.054031,아파트,2296.0,31.0,20200928,74.31,174.19
2432252350,개포래미안포레스트,아파트,매매,고/19,True,21억,86A,86.0,59.0,남동향,20240701,26 달터공원도심속 조용한 숲길 조중식제공 강남8학군 에어컨,"['4년이내', '대단지', '방세개', '화장실두개']",130동,2.0,21억,20억,"{""9"": ""49.92"", ""1"": ""59.92"", ""10"": ""59.96"", ""11"": ""74.66"", ""12"": ""84.86"", ""13"": ""84.83"", ""14"": ""84.9"", ""15"": ""84.59"", ""2"": ""96.93"", ""3"": ""96.91"", ""4"": ""102.32"", ""5"": ""102.41"", ""6"": ""112.97"", ""7"": ""112.73"", ""8"": ""136.06""}",1100000000,서울시,1168000000,강남구,1168010300,개포동,119219,APT,개포래미안포레스트,37.478448,127.054031,아파트,2296.0,31.0,20200928,74.31,174.19
2433315998,개포래미안포레스트,아파트,전세,고/12,False,12억,101,101.0,74.0,남동향,20240708,"31, 동간거리넓고 커뮤니티가까운동   조중식 골프 숲세권 고급 커뮤니티","['4년이내', '융자금없는', '대단지', '방세개']",117동,1.0,12억,12억,"{""9"": ""49.92"", ""1"": ""59.92"", ""10"": ""59.96"", ""11"": ""74.66"", ""12"": ""84.86"", ""13"": ""84.83"", ""14"": ""84.9"", ""15"": ""84.59"", ""2"": ""96.93"", ""3"": ""96.91"", ""4"": ""102.32"", ""5"": ""102.41"", ""6"": ""112.97"", ""7"": ""112.73"", ""8"": ""136.06""}",1100000000,서울시,1168000000,강남구,1168010300,개포동,119219,APT,개포래미안포레스트,37.478448,127.054031,아파트,2296.0,31.0,20200928,74.31,174.19
2433733193,개포래미안포레스트,아파트,매매,저/33,False,26억,115D,115.0,84.0,남향,20240709,34 O 숲세권아파트 O 동간간격 넓음 O 분리형세대,"['4년이내', '대단지', '세대분리', '방세개']",109동,1.0,26억,26억,"{""9"": ""49.92"", ""1"": ""59.92"", ""10"": ""59.96"", ""11"": ""74.66"", ""12"": ""84.86"", ""13"": ""84.83"", ""14"": ""84.9"", ""15"": ""84.59"", ""2"": ""96.93"", ""3"": ""96.91"", ""4"": ""102.32"", ""5"": ""102.41"", ""6"": ""112.97"", ""7"": ""112.73"", ""8"": ""136.06""}",1100000000,서울시,1168000000,강남구,1168010300,개포동,119219,APT,개포래미안포레스트,37.478448,127.054031,아파트,2296.0,31.0,20200928,74.31,174.19
2433573061,개포래미안포레스트,아파트,매매,중/25,False,"25억 5,000",101,101.0,74.0,남동향,20240708,31  O조율가 O조중식 O구룡초 O골프 스카이라운지 게스트하우스,"['4년이내', '대단지', '방세개', '화장실두개']",126동,5.0,"25억 5,000",24억,"{""9"": ""49.92"", ""1"": ""59.92"", ""10"": ""59.96"", ""11"": ""74.66"", ""12"": ""84.86"", ""13"": ""84.83"", ""14"": ""84.9"", ""15"": ""84.59"", ""2"": ""96.93"", ""3"": ""96.91"", ""4"": ""102.32"", ""5"": ""102.41"", ""6"": ""112.97"", ""7"": ""112.73"", ""8"": ""136.06""}",1100000000,서울시,1168000000,강남구,1168010300,개포동,119219,APT,개포래미안포레스트,37.478448,127.054031,아파트,2296.0,31.0,20200928,74.31,174.19
2432215624,개포래미안포레스트,아파트,매매,고/12,False,25억,101,101.0,74.0,남동향,20240701,31.채광굿O최고급커뮤니티O호텔식조중식O상가인접,"['4년이내', '대단지', '방세개', '화장실두개']",117동,1.0,25억,25억,"{""9"": ""49.92"", ""1"": ""59.92"", ""10"": ""59.96"", ""11"": ""74.66"", ""12"": ""84.86"", ""13"": ""84.83"", ""14"": ""84.9"", ""15"": ""84.59"", ""2"": ""96.93"", ""3"": ""96.91"", ""4"": ""102.32"", ""5"": ""102.41"", ""6"": ""112.97"", ""7"": ""112.73"", ""8"": ""136.06""}",1100000000,서울시,1168000000,강남구,1168010300,개포동,119219,APT,개포래미안포레스트,37.478448,127.054031,아파트,2296.0,31.0,20200928,74.31,174.19
2433547804,개포래미안포레스트,아파트,전세,고/34,False,16억,149B,149.0,112.0,남향,20240708,45 탁트인 뷰 채광굿 전망굿 풀옵션 햇살가득 밝은집,"['4년이내', '융자금없는', '대단지', '대형평수']",119동,1.0,16억,16억,"{""9"": ""49.92"", ""1"": ""59.92"", ""10"": ""59.96"", ""11"": ""74.66"", ""12"": ""84.86"", ""13"": ""84.83"", ""14"": ""84.9"", ""15"": ""84.59"", ""2"": ""96.93"", ""3"": ""96.91"", ""4"": ""102.32"", ""5"": ""102.41"", ""6"": ""112.97"", ""7"": ""112.73"", ""8"": ""136.06""}",1100000000,서울시,1168000000,강남구,1168010300,개포동,119219,APT,개포래미안포레스트,37.478448,127.054031,아파트,2296.0,31.0,20200928,74.31,174.19
2432132585,개포래미안포레스트,아파트,전세,저/35,False,"15억 5,000",129B,129.0,96.0,남향,20240701,39  주인직접  풀옵션 높은층고 숲세권 조중식서비스 무융자,"['4년이내', '융자금없는', '대단지', '방네개이상']",115동,1.0,"15억 5,000","15억 5,000","{""9"": ""49.92"", ""1"": ""59.92"", ""10"": ""59.96"", ""11"": ""74.66"", ""12"": ""84.86"", ""13"": ""84.83"", ""14"": ""84.9"", ""15"": ""84.59"", ""2"": ""96.93"", ""3"": ""96.91"", ""4"": ""102.32"", ""5"": ""102.41"", ""6"": ""112.97"", ""7"": ""112.73"", ""8"": ""136.06""}",1100000000,서울시,1168000000,강남구,1168010300,개포동,119219,APT,개포래미안포레스트,37.478448,127.054031,아파트,2296.0,31.0,20200928,74.31,174.19
2432168651,개포래미안포레스트,아파트,매매,중/33,False,28억,115B,115.0,84.0,남향,20240701,"숲세권,달터공원바로 앞마당,확트인 뷰,친 환경적인 단지,최신식 커뮤니티시","['4년이내', '마당', '대단지', '방세개']",104동,1.0,28억,28억,"{""9"": ""49.92"", ""1"": ""59.92"", ""10"": ""59.96"", ""11"": ""74.66"", ""12"": ""84.86"", ""13"": ""84.83"", ""14"": ""84.9"", ""15"": ""84.59"", ""2"": ""96.93"", ""3"": ""96.91"", ""4"": ""102.32"", ""5"": ""102.41"", ""6"": ""112.97"", ""7"": ""112.73"", ""8"": ""136.06""}",1100000000,서울시,1168000000,강남구,1168010300,개포동,119219,APT,개포래미안포레스트,37.478448,127.054031,아파트,2296.0,31.0,20200928,74.31,174.19
2432220845,개포래미안포레스트,아파트,매매,저/35,False,29억,115B,115.0,84.0,남향,20240701,34 주인직접  계좌보유 입주협의 갭투가  숲뷰 커뮤니티앞,"['4년이내', '대단지', '방세개', '화장실두개']",114동,1.0,29억,29억,"{""9"": ""49.92"", ""1"": ""59.92"", ""10"": ""59.96"", ""11"": ""74.66"", ""12"": ""84.86"", ""13"": ""84.83"", ""14"": ""84.9"", ""15"": ""84.59"", ""2"": ""96.93"", ""3"": ""96.91"", ""4"": ""102.32"", ""5"": ""102.41"", ""6"": ""112.97"", ""7"": ""112.73"", ""8"": ""136.06""}",1100000000,서울시,1168000000,강남구,1168010300,개포동,119219,APT,개포래미안포레스트,37.478448,127.054031,아파트,2296.0,31.0,20200928,74.31,174.19
2431876974,개포래미안포레스트,아파트,매매,저/29,False,27억,115A,115.0,84.0,남향,20240629,,"['4년이내', '대단지', '방세개', '화장실두개']",118동,1.0,27억,27억,"{""9"": ""49.92"", ""1"": ""59.92"", ""10"": ""59.96"", ""11"": ""74.66"", ""12"": ""84.86"", ""13"": ""84.83"", ""14"": ""84.9"", ""15"": ""84.59"", ""2"": ""96.93"", ""3"": ""96.91"", ""4"": ""102.32"", ""5"": ""102.41"", ""6"": ""112.97"", ""7"": ""112.73"", ""8"": ""136.06""}",1100000000,서울시,1168000000,강남구,1168010300,개포동,119219,APT,개포래미안포레스트,37.478448,127.054031,아파트,2296.0,31.0,20200928,74.31,174.19
2431996119,개포래미안포레스트,아파트,매매,저/35,False,"20억 5,000",86B,86.0,59.0,남동향,20240629,"구룡초배정 입주가능, 갭투도가능, 다양한매물","['4년이내', '대단지', '방세개', '화장실두개']",114동,1.0,"20억 5,000","20억 5,000","{""9"": ""49.92"", ""1"": ""59.92"", ""10"": ""59.96"", ""11"": ""74.66"", ""12"": ""84.86"", ""13"": ""84.83"", ""14"": ""84.9"", ""15"": ""84.59"", ""2"": ""96.93"", ""3"": ""96.91"", ""4"": ""102.32"", ""5"": ""102.41"", ""6"": ""112.97"", ""7"": ""112.73"", ""8"": ""136.06""}",1100000000,서울시,1168000000,강남구,1168010300,개포동,119219,APT,개포래미안포레스트,37.478448,127.054031,아파트,2296.0,31.0,20200928,74.31,174.19
2432639156,개포래미안포레스트,아파트,매매,12/14,False,21억,86A,86.0,59.0,남동향,20240703,,"['4년이내', '대단지', '방세개', '화장실두개']",101동,3.0,21억,20억,"{""9"": ""49.92"", ""1"": ""59.92"", ""10"": ""59.96"", ""11"": ""74.66"", ""12"": ""84.86"", ""13"": ""84.83"", ""14"": ""84.9"", ""15"": ""84.59"", ""2"": ""96.93"", ""3"": ""96.91"", ""4"": ""102.32"", ""5"": ""102.41"", ""6"": ""112.97"", ""7"": ""112.73"", ""8"": ""136.06""}",1100000000,서울시,1168000000,강남구,1168010300,개포동,119219,APT,개포래미안포레스트,37.478448,127.054031,아파트,2296.0,31.0,20200928,74.31,174.19
2432002394,개포래미안포레스트,아파트,매매,중/21,False,21억,86A,86.0,59.0,남동향,20240629,"26.넓은동간거리O최고급커뮤니티O조중식O달터공원,양재천","['4년이내', '대단지', '방세개', '화장실두개']",127동,1.0,21억,21억,"{""9"": ""49.92"", ""1"": ""59.92"", ""10"": ""59.96"", ""11"": ""74.66"", ""12"": ""84.86"", ""13"": ""84.83"", ""14"": ""84.9"", ""15"": ""84.59"", ""2"": ""96.93"", ""3"": ""96.91"", ""4"": ""102.32"", ""5"": ""102.41"", ""6"": ""112.97"", ""7"": ""112.73"", ""8"": ""136.06""}",1100000000,서울시,1168000000,강남구,1168010300,개포동,119219,APT,개포래미안포레스트,37.478448,127.054031,아파트,2296.0,31.0,20200928,74.31,174.19
2433705733,개포래미안포레스트,아파트,매매,중/25,False,24억,101,101.0,74.0,남동향,20240709,"31 시원한뷰, 고급커뮤니티","['4년이내', '대단지', '방세개', '화장실두개']",126동,1.0,24억,24억,"{""9"": ""49.92"", ""1"": ""59.92"", ""10"": ""59.96"", ""11"": ""74.66"", ""12"": ""84.86"", ""13"": ""84.83"", ""14"": ""84.9"", ""15"": ""84.59"", ""2"": ""96.93"", ""3"": ""96.91"", ""4"": ""102.32"", ""5"": ""102.41"", ""6"": ""112.97"", ""7"": ""112.73"", ""8"": ""136.06""}",1100000000,서울시,1168000000,강남구,1168010300,개포동,119219,APT,개포래미안포레스트,37.478448,127.054031,아파트,2296.0,31.0,20200928,74.31,174.19
2433718401,개포래미안포레스트,아파트,매매,고/25,False,25억,101,101.0,74.0,남동향,20240709,"31.탁트인조망O최고급커뮤니티O호텔식조중식O달터공원,양재천","['4년이내', '대단지', '방세개', '화장실두개']",126동,1.0,25억,25억,"{""9"": ""49.92"", ""1"": ""59.92"", ""10"": ""59.96"", ""11"": ""74.66"", ""12"": ""84.86"", ""13"": ""84.83"", ""14"": ""84.9"", ""15"": ""84.59"", ""2"": ""96.93"", ""3"": ""96.91"", ""4"": ""102.32"", ""5"": ""102.41"", ""6"": ""112.97"", ""7"": ""112.73"", ""8"": ""136.06""}",1100000000,서울시,1168000000,강남구,1168010300,개포동,119219,APT,개포래미안포레스트,37.478448,127.054031,아파트,2296.0,31.0,20200928,74.31,174.19
2433669698,개포래미안포레스트,아파트,매매,고/34,False,"40억 9,000",174,174.0,136.0,남서향,20240709,"52.관악산,청계산조망O최고급커뮤니티O호텔식조중식O달터공원,양재천","['4년이내', '대단지', '대형평수', '방네개이상']",124동,1.0,"40억 9,000","40억 9,000","{""9"": ""49.92"", ""1"": ""59.92"", ""10"": ""59.96"", ""11"": ""74.66"", ""12"": ""84.86"", ""13"": ""84.83"", ""14"": ""84.9"", ""15"": ""84.59"", ""2"": ""96.93"", ""3"": ""96.91"", ""4"": ""102.32"", ""5"": ""102.41"", ""6"": ""112.97"", ""7"": ""112.73"", ""8"": ""136.06""}",1100000000,서울시,1168000000,강남구,1168010300,개포동,119219,APT,개포래미안포레스트,37.478448,127.054031,아파트,2296.0,31.0,20200928,74.31,174.19
2433716867,개포래미안포레스트,아파트,매매,중/34,False,35억,135A,135.0,102.0,남동향,20240709,41실매물 주인의뢰 입주갭투가,"['4년이내', '대단지', '대형평수', '방네개이상']",124동,1.0,35억,35억,"{""9"": ""49.92"", ""1"": ""59.92"", ""10"": ""59.96"", ""11"": ""74.66"", ""12"": ""84.86"", ""13"": ""84.83"", ""14"": ""84.9"", ""15"": ""84.59"", ""2"": ""96.93"", ""3"": ""96.91"", ""4"": ""102.32"", ""5"": ""102.41"", ""6"": ""112.97"", ""7"": ""112.73"", ""8"": ""136.06""}",1100000000,서울시,1168000000,강남구,1168010300,개포동,119219,APT,개포래미안포레스트,37.478448,127.054031,아파트,2296.0,31.0,20200928,74.31,174.19
2433696278,개포래미안포레스트,아파트,전세,중/16,False,"9억 5,000",74,74.0,49.0,동향,20240709,21 신혼 싱글추천 저렴전세,"['4년이내', '융자금없는', '대단지', '방두개']",128동,1.0,"9억 5,000","9억 5,000","{""9"": ""49.92"", ""1"": ""59.92"", ""10"": ""59.96"", ""11"": ""74.66"", ""12"": ""84.86"", ""13"": ""84.83"", ""14"": ""84.9"", ""15"": ""84.59"", ""2"": ""96.93"", ""3"": ""96.91"", ""4"": ""102.32"", ""5"": ""102.41"", ""6"": ""112.97"", ""7"": ""112.73"", ""8"": ""136.06""}",1100000000,서울시,1168000000,강남구,1168010300,개포동,119219,APT,개포래미안포레스트,37.478448,127.054031,아파트,2296.0,31.0,20200928,74.31,174.19
2433713947,개포래미안포레스트,아파트,매매,중/14,True,21억,86A,86.0,59.0,남향,20240709,26 주인직접 최저가매물 트인뷰 ,"['4년이내', '대단지', '방세개', '화장실두개']",107동,1.0,21억,21억,"{""9"": ""49.92"", ""1"": ""59.92"", ""10"": ""59.96"", ""11"": ""74.66"", ""12"": ""84.86"", ""13"": ""84.83"", ""14"": ""84.9"", ""15"": ""84.59"", ""2"": ""96.93"", ""3"": ""96.91"", ""4"": ""102.32"", ""5"": ""102.41"", ""6"": ""112.97"", ""7"": ""112.73"", ""8"": ""136.06""}",1100000000,서울시,1168000000,강남구,1168010300,개포동,119219,APT,개포래미안포레스트,37.478448,127.054031,아파트,2296.0,31.0,20200928,74.31,174.19
2433692264,개포래미안포레스트,아파트,전세,고/34,False,16억,149B,149.0,112.0,남향,20240709,45 착한전세 일부월세협의가능,"['4년이내', '융자금없는', '대단지', '대형평수']",119동,1.0,16억,16억,"{""9"": ""49.92"", ""1"": ""59.92"", ""10"": ""59.96"", ""11"": ""74.66"", ""12"": ""84.86"", ""13"": ""84.83"", ""14"": ""84.9"", ""15"": ""84.59"", ""2"": ""96.93"", ""3"": ""96.91"", ""4"": ""102.32"", ""5"": ""102.41"", ""6"": ""112.97"", ""7"": ""112.73"", ""8"": ""136.06""}",1100000000,서울시,1168000000,강남구,1168010300,개포동,119219,APT,개포래미안포레스트,37.478448,127.054031,아파트,2296.0,31.0,20200928,74.31,174.19
2433792562,개포래미안포레스트,아파트,전세,고/34,False,16억,135A,135.0,102.0,남동향,20240709,41 구룡산전망 로얄동층 전월세 조율가능 최고급커뮤니티와 조중식,"['4년이내', '융자금없는', '대단지', '대형평수']",119동,1.0,16억,16억,"{""9"": ""49.92"", ""1"": ""59.92"", ""10"": ""59.96"", ""11"": ""74.66"", ""12"": ""84.86"", ""13"": ""84.83"", ""14"": ""84.9"", ""15"": ""84.59"", ""2"": ""96.93"", ""3"": ""96.91"", ""4"": ""102.32"", ""5"": ""102.41"", ""6"": ""112.97"", ""7"": ""112.73"", ""8"": ""136.06""}",1100000000,서울시,1168000000,강남구,1168010300,개포동,119219,APT,개포래미안포레스트,37.478448,127.054031,아파트,2296.0,31.0,20200928,74.31,174.19
2433800317,개포래미안포레스트,아파트,매매,중/33,False,33억,128A,128.0,96.0,남향,20240709,주인직접 시원한 조망 최고의 커뮤니티시설 조중식서비스,"['4년이내', '대단지', '방네개이상', '화장실두개']",109동,1.0,33억,33억,"{""9"": ""49.92"", ""1"": ""59.92"", ""10"": ""59.96"", ""11"": ""74.66"", ""12"": ""84.86"", ""13"": ""84.83"", ""14"": ""84.9"", ""15"": ""84.59"", ""2"": ""96.93"", ""3"": ""96.91"", ""4"": ""102.32"", ""5"": ""102.41"", ""6"": ""112.97"", ""7"": ""112.73"", ""8"": ""136.06""}",1100000000,서울시,1168000000,강남구,1168010300,개포동,119219,APT,개포래미안포레스트,37.478448,127.054031,아파트,2296.0,31.0,20200928,74.31,174.19
